1701 3051
593 108 1024 152 INDEX.

87 196 296 241 Malusest
316 199 448 240 nullus
468 197 653 252 gratuito,
676 210 772 239 221.
820 245 823 250 Ι

89 255 292 296 Mamilius
313 257 350 308 δι,
371 259 450 310 ejus
473 255 623 308 rogatio
644 266 780 295 contra
798 251 1005 309 Jugurthae
1021 255 1207 304 fautores,
1232 268 1304 312 97.-

87 311 264 353 Manlzus
288 312 408 352 Marii
427 312 591 364 legatus,
628 323 719 364 134.

86 368 268 418 Marcius
287 369 386 408 solus
407 367 648 407 consulatum
670 367 784 420 gerit,
818 380 884 421 23,
913 382 952 421 g.

85 423 260 474 Marim,
289 438 379 467 102.
432 423 510 464 Cui
528 437 670 477 magna
689 424 988 477 portenduntur,
1016 438 1108 477 114.
1158 425 1279 478 Qis,
1307 437 1398 480 115.
1447 426 1601 470 Contra

142 482 354 523 Metellum
386 481 584 530 accensus,
616 483 708 522 116.
759 481 796 520 Α
826 495 905 535 quo
925 481 1147 532 dimittitur,
1187 495 1276 524 122.
1324 483 1465 524 Romae
1494 485 1598 525 cele-

141 540 287 589 bratur,
323 539 380 579 Ib.
441 537 506 579 Fit
536 537 668 577 consul
697 538 733 579 ἂ
762 537 991 590 Imperator,
1031 550 1123 592 123.
1172 538 1434 580 Nobilitatem
1462 543 1598 595 exagi-

141 605 213 645 tat,
251 609 339 650 129.
389 595 453 635 Ad
486 594 674 648 populum
701 593 817 634 habet
841 596 1074 642 orationem,
1103 594 1161 635 ΙΙ).
1216 590 1433 636 Veteranos
1460 599 1598 649 ambit,

141 652 201 693 Ib.
254 652 412 692 Milites
424 653 552 692 scribit
574 665 684 705 quOS,
710 664 799 706 135.
850 650 896 690 In
917 652 1095 692 Africam
1114 650 1384 704 proficiscitur,
1413 654 1466 694 Ib.
1517 654 1598 696 Cui

139 709 333 750 exercitus
361 709 381 749 a
411 709 563 749 Rutilio
595 709 770 755 traditur,
806 707 863 747 Ib.
923 707 1133 748 Prudentia
1165 709 1248 764 ejus
1276 708 1468 760 militaris,
1507 711 1598 766 136.

140 766 261 805 Utres
284 776 404 819 parat,
433 779 522 819 137.
569 768 602 804 A
627 764 814 804 militibus
835 763 880 803 ad
903 765 1051 815 coelum
1071 765 1207 815 fertur,
1234 765 1321 818 138.
1359 764 1599 809 Mulucham

140 822 338 864 castellum
355 823 594 877 aggreditur,
618 822 673 862 lb.
720 820 792 861 Per
806 819 995 874 Ligurem
1017 822 1136 874 capit,
1164 834 1253 873 141.
1305 820 1415 862 Cum
1435 822 1599 865 Boccho

137 879 177 920 &
197 879 394 933 Jugurtha
415 888 577 933 pugnat,
605 892 697 931 144.
746 876 808 917 Ex
829 878 995 918 hostiurn
1016 879 1210 931 imperitia
1229 877 1362 919 dolum
1390 880 1597 920 machina-

137 943 217 986 tur,
238 938 293 977 lb.
352 936 399 977 In
426 937 586 976 hiberna
606 934 876 988 proficiscitur,
903 947 992 989 145.
1046 934 1143 990 Ejus
1163 935 1382 989 vigilantia,
1406 935 1463 976 Ib.
1513 935 1599 977 Pu-

139 994 230 1033 dore
249 993 465 1033 exercitum
482 995 654 1043 coercet,
671 991 726 1031 Ib.
758 993 796 1032 A
816 989 981 1032 Boccho
996 990 1249 1047 &jugurtha
1269 992 1478 1044 invaditur,
1506 994 1601 1049 146,

81 1049 266 1096 Manilia,
299 1062 365 1104 27,
396 1050 421 1090 f.

80 1105 292 1154 Masmiffa,
321 1108 392 1149 61.

81 1162 267 1212 Maffiva,
295 1175 364 1217 92.
423 1160 714 1207 obtruncatur,
734 1173 804 1215 93.
956 1214 957 1217 Ἴ

82 1218 334 1260 Matrimonii
356 1218 589 1260 neceffitudo
609 1217 709 1271 apud
731 1216 925 1258 Numidas
945 1217 1057 1268 levis,
1094 1230 1186 1273 127.

81 1275 339 1326 Mauritania,
371 1289 441 1325 21,
473 1290 506 1315 e.

81 1332 241 1373 Medius
263 1331 394 1382 fidius,
417 1332 483 1382 28,
507 1333 546 1372 k.

80 1388 305 1430 Memmius
320 1399 458 1430 contra
478 1388 716 1442 jugurtham
734 1386 889 1438 nititur,
911 1388 980 1444 83.
1040 1387 1138 1445 Ejus
1159 1392 1299 1441 oratio,
1322 1388 1387 1432 86.
1442 1388 1596 1445 Jugur-

138 1449 216 1488 thae
239 1446 458 1487 servandam
479 1445 595 1485 fidem
616 1445 744 1484 datam
765 1444 874 1494 facit,
902 1458 969 1500 92.

81 1502 269 1544 Metellus
289 1504 489 1552 Creticus,
511 1515 575 1556 23.
638 1501 768 1549 Celer,
793 1501 850 1542 lh.
901 1502 1090 1542 Metellus
1106 1502 1361 1553 Numidicus,
1389 1516 1480 1552 100,
1503 1516 1596 1545 101.

135 1561 200 1601 Ad
221 1575 309 1600 eum
332 1560 479 1614 legatos
511 1560 631 1599 mittit
659 1557 869 1611 Jugurtha,
907 1571 996 1601 102.
1056 1559 1171 1612 Qos
1201 1562 1389 1614 promiffis
1414 1561 1595 1614 aggredi-

135 1627 216 1667 tur,
238 1629 281 1657 ut
309 1616 376 1657 fibi
395 1616 633 1670 jugurtham
663 1617 828 1662 tradant,
851 1615 906 1656 lb.
958 1616 1065 1656 Cum
1086 1618 1285 1671 jugurtha
1315 1629 1476 1671 pugnat,
1504 1621 1598 1660 106.»

135 1674 289 1714 Omnia
305 1674 408 1713 ferro
433 1674 469 1712 δε
490 1674 582 1726 igne
602 1671 737 1719 vastat,
770 1673 861 1714 108.
922 1672 1154 1714 Exercitum
1175 1675 1325 1723 dividit,
1349 1685 1389 1713 ut
1409 1686 1594 1716 terrorem

135 1741 291 1785 augeat,
319 1744 409 1783 109.
455 1729 626 1769 Zamam
654 1739 870 1782 oppugnat,
904 1742 995 1770 112.
1045 1728 1143 1785 Ejus
1172 1731 1358 1785 superbia,
1393 1743 1485 1782 115.
1546 1732 1595 1773 In

136 1803 255 1841 quem
286 1787 411 1841 aspere
441 1785 611 1826 Romam
638 1785 807 1825 scribunt
829 1788 1087 1839 negotiatores
1121 1801 1213 1842 117.
1274 1787 1494 1828 Vaccenses
1519 1802 1594 1841 pu-

135 1845 208 1893 nit,
236 1858 326 1899 119.
378 1843 554 1884 Marium
580 1843 755 1890 dimittit,
794 1855 884 1884 122.
936 1842 1086 1894 Capitis
1120 1844 1262 1884 Romae
1290 1846 1499 1892 arcemur,
1534 1844 1591 1886 lb.

134 1902 242 1942 Cum
264 1900 463 1956 jugurtha
483 1910 642 1953 pugnat,
666 1912 758 1955 123.
805 1899 980 1939 Thalam
1003 1901 1176 1941 maximo
1196 1916 1286 1941 cum
1305 1901 1435 1941 labore
1450 1913 1594 1954 aggre-

132 1959 250 2007 ditur,
274 1958 328 1998 lh.
377 1957 721 1996 Vehementiffime
743 1956 860 2004 dolet,
881 1957 984 2010 quod
1008 1955 1140 1996 Mario
1159 1957 1352 1998 Numidia
1371 1958 1474 2006 data,
1502 1959 1592 1999 128.

134 2013 305 2068 Legatos
341 2014 387 2053 ad
419 2013 625 2054 Bocchum
654 2013 788 2062 mittit,
812 2013 866 2054 lb.
914 2013 1038 2053 Marii
1067 2014 1315 2066 conspmstum
1344 2015 1458 2068 fugit,
1499 2025 1614 2068 135„

134 2072 303 2124 Optime
327 2070 469 2110 Romae
488 2071 695 2123 excipitur,
728 2069 783 2110 Ib.

76 2129 379 2180 Mesopotamia,
406 2140 497 2181 191,
516 2129 554 2167 k.

77 2185 344 2226 Metuendum
368 2183 499 2223 multis
520 2184 589 2237 qui
611 2183 644 2222 se
668 2182 828 2235 praebet,
850 2183 995 2223 multos
1016 2185 1155 2235 pariter
1176 2186 1329 2233 metuit,
1352 2198 1448 2226 211.

76 2241 246 2294 :Micipsa
279 2241 345 2281 62.
391 2241 500 2294 Quid
534 2240 615 2293 agit
642 2252 732 2277 cum
762 2238 976 2293 Jugurtha,
1008 2243 1078 2290 62,
1112 2243 1181 2291 63,
1215 2242 1281 2293 64.
1331 2240 1515 2297 Ejusdem
1544 2242 1591 2282 ad

132 2297 319 2352 Jugurth.
353 2300 491 2346 oratio,
525 2301 590 2350 65.
638 2294 825 2343 Moritur,
861 2297 927 2336 66.
974 2296 1074 2351 Ejus
1105 2297 1289 2351 Regnum
1321 2298 1419 2339 inter
1436 2297 1593 2354 Jugur-

133 2356 238 2394 tham
261 2354 297 2393 δι’
319 2353 564 2394 Atherbalem
586 2365 651 2404 per
667 2352 813 2405 legatos
835 2352 1038 2393 Romanos
1058 2354 1253 2403 dividitur,
1276 2368 1342 2410 74.

77 2410 222 2451 Militia
239 2410 341 2465 justa
362 2410 435 2450 esse
450 2411 578 2457 debet,
612 2421 706 2461 215.

73 2467 230 2515 Minox,
258 2480 348 2521 173,
380 2468 406 2507 f.
433 2480 528 2521 205,
561 2467 600 2506 b.

76 2524 214 2564 Mirari
239 2525 343 2577 quid,
380 2536 444 2570 1-0,
466 2524 502 2562 b.

78 2581 232 2618 Miser-is
256 2595 387 2632 vparum
411 2579 497 2619 fidei
519 2580 737 2627 adhibetur,
770 2579 835 2621 81.

77 2636 341 2686 Mithridates,
366 2650 433 2691 31,
457 2651 510 2676 m.
565 2635 663 2692 Ejus
684 2636 731 2676 ad
752 2637 937 2679 Arsacem
968 2637 1140 2692 epistola,
1169 2637 1264 2680 188.
1325 2636 1462 2689 Faeca,
1495 2639 1587 2695 189.
1619 2655 1623 2661 ·

78 2691 299 2733 monitores
322 2695 388 2749 qui
409 2694 562 2746 optimi,
586 2705 680 2748 233.

269 2751 272 2754 ’
1444 2750 1588 2795 Mulu-
