1701 3051
316 186 321 192 ff
369 141 681 191 BELLUM
719 135 1326 201 JUGURTH'INUM.
1516 159 1597 205 125

91 239 218 291 dium,
246 239 550 293 praefe&umque
572 237 619 278 eo
640 238 834 278 mitteret:
867 236 1132 278 Hamilcarem
1152 236 1362 290 quendam,
1393 235 1595 278 hominem

91 297 278 347 nobilem,
308 295 524 345 faetiosum,
553 295 664 335 novis
683 294 797 334 rebus
816 293 989 335 studere:
1021 294 1219 334 advorsum
1236 307 1351 347 quem
1368 307 1494 347 neque
1516 294 1594 333 irn-

91 355 197 407 peria
217 351 526 406 magistratuum,
556 365 679 404 neque
699 351 802 404 leges
817 351 1009 390 valerent:
1040 351 1079 390 ni
1100 350 1138 390 id
1157 349 1361 399 festinaret,
1381 351 1419 390 in
1441 351 1595 391 summo

91 409 264 462 periculo
284 410 388 449 suam
409 408 584 456 salutem,
614 413 630 430 ²
651 407 806 448 illorum
827 407 965 457 sociOS,
995 408 1089 446 fore.
1152 405 1261 446 Nam
1284 405 1495 459 Leptitani,
1509 407 1595 459 jam

90 465 179 506 inde
193 465 214 504 a
235 465 427 518 principio
442 464 530 504 belli
550 463 794 518 Jugurthini,
823 464 870 503 ad
891 462 1058 503 Bestiam
1072 463 1281 511 consulem,
1302 463 1339 502 &
1359 463 1485 515 postea
1501 462 1592 517 Ro-

89 535 197 561 mam
227 521 406 562 miserant
433 521 662 568 amicitiam,
702 519 1001 571 societatemque
1033 529 1226 572 rogatum.
1287 518 1410 568 Dein,
1455 518 1520 559 ubi
1547 533 1595 558 ea

89 577 311 631 impetrata,
341 578 484 630 semper
498 578 607 627 boni,
637 575 840 628 fidelesque
859 576 1053 614 mansere:
1087 575 1124 614 δι
1147 575 1290 615 cuneta
1306 577 1328 615 a
1350 575 1494 624 Bestia,
1517 575 1594 615 Al-

90 634 200 684 bino,
221 633 465 689 Metelloque
485 634 671 687 imperata
687 631 813 685 gaave
832 631 1012 671 fecerant.
1059 630 1200 683 Itaque
1220 632 1265 670 ab
1284 631 1517 684 Imperatore
1531 632 1590 672 fa-

90 689 179 738 cile,
199 703 288 742 quae
309 692 501 744 petebant,
521 689 661 743 adepti.
701 686 857 729 Emiffae
878 688 926 727 eo
940 689 1120 727 cohortes
1134 688 1328 740 Ligurum
1343 699 1524 740 quatuor,
1554 687 1595 728 &

89 745 142 787 C.
166 746 320 787 Annius
342 747 558 800 praefecf’tus.
609 744 655 784 Id
674 744 861 798 oppidum
884 743 930 783 ab
951 742 966 767 b
989 743 1156 783 Sidoniis
1172 745 1373 783 conditum
1394 745 1463 793 est,
1494 757 1595 798 quos

87 804 310 856 accepimus
321 804 520 857 profugos,
541 802 592 842 ob
612 800 814 841 discordias
829 801 969 850 civilis,
987 801 1148 839 navibus
1163 801 1201 839 in
1215 815 1282 840 eos
1300 800 1408 840 locos
1423 801 1561 840 venisse
1578 814 1592 840 ;

88 858 276 900 caeterum
293 863 304 879 ¹
322 860 433 900 situm
450 858 650 899 interduas
664 857 803 912 Syrtis,
820 857 963 909 quibus
977 871 1121 896 nomen
1132 870 1182 894 ex
1198 862 1210 879 Ε
1225 871 1264 896 re
1277 858 1456 897 inditum.
1481 857 1593 897 Nam

88 915 168 956 duo
184 916 268 956 sunt
286 916 301 940 ‘¹
316 915 421 956 finus
440 929 557 967 prope
576 915 616 954 in
634 920 649 936 ‘³
665 915 838 954 extrema
854 913 1008 962 Africa,
1029 915 1192 965 impares
1208 914 1490 967 magnitudine,
1511 915 1593 965 pari

86 981 246 1013 natura:
267 986 435 1026 quorum
456 985 645 1024 proxuma
664 981 776 1010 terrae
797 972 815 990 ²
837 970 992 1022 praealta
1008 971 1109 1019 sunt,
1141 981 1293 1018 caetera,
1325 970 1379 1009 uti
1395 971 1470 1010 sors
1486 970 1594 1021 tulit,

87 1028 165 1068 alta
182 1043 190 1068 :
222 1029 294 1068 alia
314 1029 352 1068 in
374 1027 595 1081 tempestate
610 1027 758 1067 vadosa.
816 1026 925 1066 Nam
946 1028 1011 1066 ubi
1030 1041 1133 1067 mare
1154 1041 1339 1081 magnum
1360 1027 1446 1076 effe,
1465 1026 1502 1066 δε
1522 1028 1594 1066 sae-

85 1085 166 1124 vire
182 1087 304 1125 ventis
318 1086 454 1138 coepit,
473 1085 629 1132 limum,
645 1097 893 1136 arenamque,
909 1082 947 1124 &
958 1083 1044 1123 saxa
1060 1085 1231 1137 ingentia
1246 1084 1388 1124 fluetus
1405 1085 1563 1124 trahunt
1575 1099 1593 1134 3

87 1140 141 1180 ita
156 1141 273 1181 facies
289 1141 464 1181 locorum
485 1155 579 1181 cum
594 1141 717 1181 ventis
737 1139 846 1180 fimul
868 1149 1054 1181 mutatur.
1099 1140 1231 1195 Syrtes
1252 1140 1299 1179 ab
1316 1141 1439 1181 trad‘m
1460 1142 1593 1180 nomi-

84 1207 202 1238 natae.
263 1197 362 1253 Ejus
381 1199 546 1238 civitatis
561 1198 695 1251 lingua
714 1197 834 1237 modo
855 1199 868 1219 ³
889 1198 1071 1237 conversa
1089 1197 1287 1237 connubio
1305 1196 1590 1248 Numidarum,

86 1251 260 1308 Legum,
297 1254 501 1308 cultusque
531 1254 711 1307 pleraque
738 1254 916 1295 Sidonica
932 1266 948 1302 :y
979 1268 1067 1307 quae
1100 1255 1147 1295 eo
1177 1252 1328 1293 facilius
1359 1255 1590 1304 retinebant,

82 1311 189 1363 quod
211 1311 343 1363 procul
364 1313 412 1351 ab
433 1312 595 1364 imperio
623 1310 637 1334 f
659 1311 760 1364 regis
781 1320 935 1350 aetatem
954 1312 1131 1366 agebant.
1193 1309 1302 1351 Inter
1321 1310 1422 1361 illos,
1453 1311 1491 1352 δε
1509 1312 1590 1352 fre-

83 1378 269 1421 quentem
283 1367 513 1408 Numidiam
536 1368 673 1408 inculti
693 1367 858 1420 vastique
877 1367 954 1407 loci
971 1378 1091 1408 erant.

141 1423 213 1463 Sed
242 1425 429 1477 quoniam
448 1426 488 1465 in
512 1426 581 1464 has
600 1426 777 1478 regiones
799 1438 864 1477 per
891 1423 1187 1476 Leptitanorum
1218 1424 1373 1477 negotia
1393 1424 1589 1474 venimus,

82 1495 162 1521 non
185 1486 201 1510 ἓ
218 1480 421 1534 indignum
436 1481 598 1530 videtur,
618 1482 835 1534 egregium,
856 1490 971 1532 atque
989 1479 1237 1521 memorabile
1258 1481 1410 1520 facinus
1422 1481 1589 1521 duorum

69 1536 458 1590 ·Carthaginiens1um
490 1551 727 1577 memorare:
758 1551 846 1577 eam
876 1552 957 1577 rem
978 1551 1051 1577 nos
1081 1537 1191 1577 locus
1214 1537 1432 1577 admonuit.
1493 1536 1590 1591 Qua

81 1593 304 1647 tempestate
316 1593 650 1647 Carthaginienses
671 1593 863 1647 pleraeque
883 1594 1031 1634 Africae
1048 1595 1334 1647 imperitabant.
1381 1593 1588 1649 Cyrenen-

79 1649 135 1690 ses
160 1664 321 1705 quoque
352 1652 485 1706 magni
506 1660 624 1704 atque
642 1650 819 1705 opulenti
848 1649 969 1691 fuere.
1031 1651 1140 1705 Ager
1173 1651 1215 1691 in
1235 1651 1363 1692 medio
1394 1650 1588 1701 arenosus,

558 1792 1104 1822 INTERPRETATIO.

137 1894 150 1911 ¹
183 1891 367 1932 Caetericm
385 1891 572 1946 oppidum
593 1891 739 1948 pqfitum
758 1893 805 1946 cst
855 1900 1000 1932 mutata
1008 1900 1079 1946 per
1093 1890 1267 1932 connubia
1288 1890 1557 1932 Numidarum.

79 1946 176 1989 inter
191 1949 283 1988 duas
301 1945 432 2000 Syrtes.
912 1953 931 1973 ⁴
960 1947 1066 1989 Inter
1090 1947 1178 1998 illos,
1209 1950 1254 1988 Εἴ
1289 1947 1588 2001 bominibusfre-

136 2005 154 2023 ²
178 2003 352 2060 Quorum
379 2004 547 2059 proxima
574 2003 661 2044 loca
693 2013 806 2045 terrae
857 2013 1064 2060 quentatam
1097 2003 1317 2047 Numidiam
1354 2004 1422 2046 loci
1456 2002 1586 2045 inculti

67 2061 158 2119 fiant
174 2060 541 2124 maximbnprofunda.
858 2061 1024 2119 vastique
1041 2070 1162 2103 erant.

137 2120 153 2142 ³
181 2116 279 2172 Ejus
306 2119 474 2159 czvztatis
505 2117 633 2171 lingua
666 2116 807 2158 tantum

737 2243 766 2272 N
782 2245 807 2273 0
823 2244 854 2273 Τ
870 2245 926 2274 AE.

121 2326 138 2345 a
160 2319 305 2362 Illorum-J
328 2320 545 2352 Romanorum.
901 2322 918 2345 d
942 2319 1057 2362 Sinus-J
1093 2321 1174 2352 Gall.
1200 2321 1256 2351 Des
1266 2319 1385 2362 golfes.]
1411 2320 1455 2350 Ita
1466 2323 1587 2349 vocatur

121 2361 138 2385 b
160 2363 310 2405 Sidoniis.]
348 2365 437 2394 Sidon
468 2367 532 2395 urbs
560 2363 619 2394 fuit
643 2364 805 2396 Paiaestinae
858 2375 949 2402 mare,
971 2364 1042 2395 cum
1061 2365 1167 2394 alicubi
1188 2365 1286 2394 littora
1308 2370 1422 2398 curvat,
1445 2366 1473 2392 δι
1498 2365 1588 2391 terra&

79 2405 286 2444 antiquissima,
315 2407 508 2446 plurimarum
534 2406 716 2437 coloniarum
737 2418 805 2438 ma-
857 2408 954 2438 intrat.

78 2454 143 2486 ter3
167 2459 330 2488 quanquam
354 2450 436 2488 Tyro
461 2451 592 2480 nonnulli
616 2451 734 2490 Leptim
753 2453 804 2480 ad·
900 2457 916 2474 e
932 2448 1100 2490 Extremi]
1134 2449 1246 2479 Versus
1260 2449 1412 2483 orientem,
1436 2450 1464 2478 8c
1481 2447 1582 2477 secun-

78 2490 217 2520 scribunt.
262 2493 317 2520 Sed
339 2494 511 2527 notandum,
535 2494 610 2532 quod
625 2494 659 2522 de
678 2493 738 2522 illis
755 2504 804 2523 ur·
856 2494 928 2524 dum
942 2500 1072 2524 veterem
1087 2492 1317 2530 Geographiam.

80 2532 180 2570 bibus,
213 2542 326 2572 propter
353 2534 548 2571 vicinitatem,
582 2539 610 2564 δε
635 2535 804 2565 similitudi-
898 2534 913 2559 f
932 2534 1050 2577 Regis-J
1090 2535 1263 2576 Qicunque
1281 2534 1396 2563 tandem
1413 2533 1449 2562 iis
1467 2531 1584 2570 imperi-

78 2585 161 2612 nem,
184 2574 271 2605 etiam
284 2575 370 2615 ipsius
384 2578 489 2607 Christi
507 2587 598 2608 unum
615 2577 734 2608 &idem
746 2578 804 2609 fuit
856 2579 972 2615 taverit,
1004 2579 1060 2608 five
1085 2576 1252 2614 Masinissa,
1285 2577 1424 2614 Micipsa,
1448 2582 1496 2605 aut
1521 2574 1584 2613 quis

75 2618 236 2659 judicium.
293 2620 295 2622 ’
856 2620 932 2651 alius
945 2621 1042 2651 fuerit.

121 2667 135 2684 c
153 2659 225 2701 Ra]
253 2660 360 2691 Trafiu
375 2661 491 2700 scilicet,
506 2669 538 2692 ut
552 2662 662 2693 dicetur
677 2663 804 2702 postmo-
898 2669 916 2695 Ζ
938 2662 1118 2707 Indignum]
1143 2662 1221 2694 Gall.
1245 2662 1319 2694 Hm
1336 2661 1369 2693 de
1378 2669 1490 2705 propos.

77 2703 150 2732 dum
167 2704 201 2732 ab
216 2703 274 2742 ipso
288 2703 428 2736 Sallustio.
473 2708 518 2735 At
533 2707 640 2736 Graeca
655 2707 696 2734 est
715 2706 804 2744 origi-

80 2745 182 2792 nat103
208 2756 276 2777 nam
287 2758 359 2788 'rugai
375 2749 545 2780 Graecorum
569 2749 609 2780 est
624 2748 720 2783 ‘I‘raho
745 2750 803 2779 La-

81 2794 226 2819 tinorum.
1565 2830 1580 2842 Α

1506 2839 1582 2871 una
