<?xml version="1.0" encoding="UTF-8"?>
<!DOCTYPE html PUBLIC "-//W3C//DTD XHTML 1.0 Transitional//EN"
    "http://www.w3.org/TR/xhtml1/DTD/xhtml1-transitional.dtd">
<html xmlns="http://www.w3.org/1999/xhtml" xml:lang="en" lang="en">
 <head>
  <title>
</title>
<meta http-equiv="Content-Type" content="text/html;charset=utf-8" />
  <meta name='ocr-system' content='tesseract 3.04.00' />
  <meta name='ocr-capabilities' content='ocr_page ocr_carea ocr_par ocr_line ocrx_word'/>
</head>
<body>
  <div class='ocr_page' id='page_1' title='image "./workslatin1793cs00salluoft_0145.png"; bbox 0 0 1701 3051; ppageno 0'>
   <div class='ocr_carea' id='block_1_1' title="bbox 335 105 1563 166">
    <p class='ocr_par' dir='ltr' id='par_1_1' title="bbox 335 105 1563 166">
     <span class='ocr_line' id='line_1_1' title="bbox 335 105 1563 166; baseline -0.004 -10"><span class='ocrx_word' id='word_1_1' title='bbox 335 107 640 156; x_wconf 87' lang='lat' dir='ltr'>BELLUM</span> <span class='ocrx_word' id='word_1_2' title='bbox 680 105 1272 164; x_wconf 86' lang='lat' dir='ltr'>JUGURTHINUM.</span> <span class='ocrx_word' id='word_1_3' title='bbox 1356 158 1363 165; x_wconf 87' lang='lat'>.</span> <span class='ocrx_word' id='word_1_4' title='bbox 1481 119 1563 166; x_wconf 76' lang='lat'>123</span> 
     </span>
    </p>
   </div>
   <div class='ocr_carea' id='block_1_2' title="bbox 59 195 1574 765">
    <p class='ocr_par' dir='ltr' id='par_1_2' title="bbox 59 195 1574 765">
     <span class='ocr_line' id='line_1_2' title="bbox 59 195 1566 251; baseline -0.006 -4"><span class='ocrx_word' id='word_1_5' title='bbox 59 206 288 247; x_wconf 78' lang='lat' dir='ltr'>decreverat.</span> <span class='ocrx_word' id='word_1_6' title='bbox 338 204 351 222; x_wconf 82' lang='lat'><em>¹</em></span> <span class='ocrx_word' id='word_1_7' title='bbox 374 201 435 242; x_wconf 89' lang='lat' dir='ltr'>Ea</span> <span class='ocrx_word' id='word_1_8' title='bbox 449 213 507 240; x_wconf 88' lang='lat' dir='ltr'>res</span> <span class='ocrx_word' id='word_1_9' title='bbox 527 197 662 240; x_wconf 63' lang='lat' dir='ltr'>frustra</span> <span class='ocrx_word' id='word_1_10' title='bbox 678 199 763 239; x_wconf 88' lang='lat' dir='ltr'>fuit.</span> <span class='ocrx_word' id='word_1_11' title='bbox 824 196 974 238; x_wconf 86' lang='lat' dir='ltr'>Eodem</span> <span class='ocrx_word' id='word_1_12' title='bbox 995 207 1168 250; x_wconf 88' lang='lat' dir='ltr'>ternpore</span> <span class='ocrx_word' id='word_1_13' title='bbox 1183 195 1396 251; x_wconf 77' lang='lat' dir='ltr'>jugurtha,</span> <span class='ocrx_word' id='word_1_14' title='bbox 1425 198 1566 238; x_wconf 84' lang='lat' dir='ltr'>amiffis</span> 
     </span>
     <span class='ocr_line' id='line_1_3' title="bbox 60 253 1567 314; baseline -0.007 -10"><span class='ocrx_word' id='word_1_15' title='bbox 60 264 212 311; x_wconf 80' lang='lat' dir='ltr'>amicis,</span> <span class='ocrx_word' id='word_1_16' title='bbox 243 272 410 314; x_wconf 86' lang='lat' dir='ltr'>quorum</span> <span class='ocrx_word' id='word_1_17' title='bbox 432 257 630 310; x_wconf 88' lang='lat' dir='ltr'>plerosque</span> <span class='ocrx_word' id='word_1_18' title='bbox 650 257 724 308; x_wconf 84' lang='lat' dir='ltr'>ipse</span> <span class='ocrx_word' id='word_1_19' title='bbox 744 264 946 296; x_wconf 80' lang='lat' dir='ltr'>necaverat</span> <span class='ocrx_word' id='word_1_20' title='bbox 960 273 972 304; x_wconf 90' lang='lat'>;</span> <span class='ocrx_word' id='word_1_21' title='bbox 996 254 1134 305; x_wconf 45' lang='lat' dir='ltr'>‚caeteri</span> <span class='ocrx_word' id='word_1_22' title='bbox 1162 253 1383 302; x_wconf 83' lang='lat' dir='ltr'>formidine,</span> <span class='ocrx_word' id='word_1_23' title='bbox 1412 267 1497 306; x_wconf 85' lang='lat' dir='ltr'>pars</span> <span class='ocrx_word' id='word_1_24' title='bbox 1517 255 1567 294; x_wconf 89' lang='lat' dir='ltr'>ad</span> 
     </span>
     <span class='ocr_line' id='line_1_4' title="bbox 61 309 1567 368; baseline -0.005 -9"><span class='ocrx_word' id='word_1_25' title='bbox 61 319 281 366; x_wconf 80' lang='lat' dir='ltr'>Romanos,</span> <span class='ocrx_word' id='word_1_26' title='bbox 310 315 373 355; x_wconf 88' lang='lat' dir='ltr'>alii</span> <span class='ocrx_word' id='word_1_27' title='bbox 400 314 446 354; x_wconf 90' lang='lat' dir='ltr'>ad</span> <span class='ocrx_word' id='word_1_28' title='bbox 467 328 599 368; x_wconf 83' lang='lat' dir='ltr'>regem</span> <span class='ocrx_word' id='word_1_29' title='bbox 618 312 826 353; x_wconf 89' lang='lat' dir='ltr'>Bocchum</span> <span class='ocrx_word' id='word_1_30' title='bbox 855 313 1127 364; x_wconf 80' lang='lat' dir='ltr'>profugerant:</span> <span class='ocrx_word' id='word_1_31' title='bbox 1160 309 1252 351; x_wconf 66' lang='lat' dir='ltr'>curn</span> <span class='ocrx_word' id='word_1_32' title='bbox 1275 324 1402 364; x_wconf 87' lang='lat' dir='ltr'>neque</span> <span class='ocrx_word' id='word_1_33' title='bbox 1418 310 1567 352; x_wconf 85' lang='lat' dir='ltr'>bellurn</span> 
     </span>
     <span class='ocr_line' id='line_1_5' title="bbox 62 366 1565 430; baseline -0.007 -14"><span class='ocrx_word' id='word_1_34' title='bbox 62 376 142 430; x_wconf 88' lang='lat' dir='ltr'>geri</span> <span class='ocrx_word' id='word_1_35' title='bbox 163 374 240 414; x_wconf 83' lang='lat' dir='ltr'>fine</span> <span class='ocrx_word' id='word_1_36' title='bbox 258 370 488 412; x_wconf 80' lang='lat' dir='ltr'>administris</span> <span class='ocrx_word' id='word_1_37' title='bbox 508 369 640 423; x_wconf 83' lang='lat' dir='ltr'>posset,</span> <span class='ocrx_word' id='word_1_38' title='bbox 671 370 708 409; x_wconf 87' lang='lat'>&amp;</span> <span class='ocrx_word' id='word_1_39' title='bbox 728 383 920 408; x_wconf 90' lang='lat' dir='ltr'>novorum</span> <span class='ocrx_word' id='word_1_40' title='bbox 941 367 1073 415; x_wconf 87' lang='lat' dir='ltr'>fidem,</span> <span class='ocrx_word' id='word_1_41' title='bbox 1094 369 1131 407; x_wconf 88' lang='lat' dir='ltr'>in</span> <span class='ocrx_word' id='word_1_42' title='bbox 1154 369 1260 407; x_wconf 73' lang='lat' dir='ltr'>tanta</span> <span class='ocrx_word' id='word_1_43' title='bbox 1281 366 1437 420; x_wconf 70' lang='lat' dir='ltr'>perfidia</span> <span class='ocrx_word' id='word_1_44' title='bbox 1455 378 1565 407; x_wconf 87' lang='lat' dir='ltr'>vete-</span> 
     </span>
     <span class='ocr_line' id='line_1_6' title="bbox 61 423 1567 482; baseline -0.005 -10"><span class='ocrx_word' id='word_1_45' title='bbox 61 446 166 480; x_wconf 87' lang='lat' dir='ltr'>rum,</span> <span class='ocrx_word' id='word_1_46' title='bbox 195 429 354 482; x_wconf 81' lang='lat' dir='ltr'>experiri</span> <span class='ocrx_word' id='word_1_47' title='bbox 387 427 640 480; x_wconf 83' lang='lat' dir='ltr'>periculosum</span> <span class='ocrx_word' id='word_1_48' title='bbox 675 427 855 474; x_wconf 81' lang='lat' dir='ltr'>duceret3</span> <span class='ocrx_word' id='word_1_49' title='bbox 894 426 1017 464; x_wconf 88' lang='lat' dir='ltr'>varius</span> <span class='ocrx_word' id='word_1_50' title='bbox 1051 425 1295 478; x_wconf 83' lang='lat' dir='ltr'><strong>incertusque</strong></span> <span class='ocrx_word' id='word_1_51' title='bbox 1324 423 1567 478; x_wconf 80' lang='lat' dir='ltr'>agitabatur:</span> 
     </span>
     <span class='ocr_line' id='line_1_7' title="bbox 61 479 1569 541; baseline -0.005 -13"><span class='ocrx_word' id='word_1_52' title='bbox 61 502 188 541; x_wconf 78' lang='lat' dir='ltr'>neque</span> <span class='ocrx_word' id='word_1_53' title='bbox 207 487 260 526; x_wconf 87' lang='lat' dir='ltr'>illi</span> <span class='ocrx_word' id='word_1_54' title='bbox 281 498 354 535; x_wconf 82' lang='lat' dir='ltr'>reS,</span> <span class='ocrx_word' id='word_1_55' title='bbox 387 499 512 537; x_wconf 88' lang='lat' dir='ltr'>ueque</span> <span class='ocrx_word' id='word_1_56' title='bbox 535 482 754 531; x_wconf 80' lang='lat' dir='ltr'>confilium,</span> <span class='ocrx_word' id='word_1_57' title='bbox 786 491 851 520; x_wconf 88' lang='lat' dir='ltr'>aut</span> <span class='ocrx_word' id='word_1_58' title='bbox 872 481 1075 532; x_wconf 85' lang='lat' dir='ltr'>quisquam</span> <span class='ocrx_word' id='word_1_59' title='bbox 1097 481 1303 521; x_wconf 84' lang='lat' dir='ltr'>hominum</span> <span class='ocrx_word' id='word_1_60' title='bbox 1331 479 1417 520; x_wconf 80' lang='lat' dir='ltr'>satiS</span> <span class='ocrx_word' id='word_1_61' title='bbox 1438 480 1569 532; x_wconf 89' lang='lat' dir='ltr'>place-</span> 
     </span>
     <span class='ocr_line' id='line_1_8' title="bbox 63 535 1569 594; baseline -0.005 -11"><span class='ocrx_word' id='word_1_62' title='bbox 63 545 154 584; x_wconf 85' lang='lat' dir='ltr'>bat:</span> <span class='ocrx_word' id='word_1_63' title='bbox 183 543 336 590; x_wconf 84' lang='lat' dir='ltr'>itinera,</span> <span class='ocrx_word' id='word_1_64' title='bbox 368 541 641 594; x_wconf 65' lang='lat' dir='ltr'>praefeftosque</span> <span class='ocrx_word' id='word_1_65' title='bbox 672 539 714 578; x_wconf 89' lang='lat' dir='ltr'>in</span> <span class='ocrx_word' id='word_1_66' title='bbox 742 538 822 577; x_wconf 87' lang='lat' dir='ltr'>dies</span> <span class='ocrx_word' id='word_1_67' title='bbox 852 547 1030 576; x_wconf 84' lang='lat' dir='ltr'>mutare:</span> <span class='ocrx_word' id='word_1_68' title='bbox 1064 537 1183 576; x_wconf 77' lang='lat' dir='ltr'>modo</span> <span class='ocrx_word' id='word_1_69' title='bbox 1204 537 1404 577; x_wconf 84' lang='lat' dir='ltr'>advorsum</span> <span class='ocrx_word' id='word_1_70' title='bbox 1426 535 1569 587; x_wconf 82' lang='lat' dir='ltr'>hostes,</span> 
     </span>
     <span class='ocr_line' id='line_1_9' title="bbox 63 593 1574 649; baseline -0.005 -9"><span class='ocrx_word' id='word_1_71' title='bbox 63 600 255 641; x_wconf 84' lang='lat' dir='ltr'>interdum</span> <span class='ocrx_word' id='word_1_72' title='bbox 287 600 325 638; x_wconf 91' lang='lat' dir='ltr'>in</span> <span class='ocrx_word' id='word_1_73' title='bbox 349 598 568 637; x_wconf 84' lang='lat' dir='ltr'>solitudines</span> <span class='ocrx_word' id='word_1_74' title='bbox 591 608 767 649; x_wconf 73' lang='lat' dir='ltr'>pergere:</span> <span class='ocrx_word' id='word_1_75' title='bbox 801 593 898 645; x_wconf 73' lang='lat' dir='ltr'>saepe</span> <span class='ocrx_word' id='word_1_76' title='bbox 919 593 956 632; x_wconf 89' lang='lat' dir='ltr'>in</span> <span class='ocrx_word' id='word_1_77' title='bbox 983 593 1092 645; x_wconf 71' lang='lat' dir='ltr'>fuga,</span> <span class='ocrx_word' id='word_1_78' title='bbox 1123 606 1161 631; x_wconf 87' lang='lat' dir='ltr'>at</span> <span class='ocrx_word' id='word_1_79' title='bbox 1191 593 1275 644; x_wconf 70' lang='lat' dir='ltr'>post</span> <span class='ocrx_word' id='word_1_80' title='bbox 1302 594 1416 646; x_wconf 67' lang='lat' dir='ltr'>paulo</span> <span class='ocrx_word' id='word_1_81' title='bbox 1436 594 1474 633; x_wconf 91' lang='lat' dir='ltr'>in</span> <span class='ocrx_word' id='word_1_82' title='bbox 1502 607 1574 640; x_wconf 44' lang='lat' dir='ltr'>ar-,</span> 
     </span>
     <span class='ocr_line' id='line_1_10' title="bbox 63 649 1570 709; baseline -0.004 -12"><span class='ocrx_word' id='word_1_83' title='bbox 63 657 138 702; x_wconf 84' lang='lat' dir='ltr'>mis</span> <span class='ocrx_word' id='word_1_84' title='bbox 156 657 259 709; x_wconf 89' lang='lat' dir='ltr'>spem</span> <span class='ocrx_word' id='word_1_85' title='bbox 274 656 411 694; x_wconf 89' lang='lat' dir='ltr'>habere</span> <span class='ocrx_word' id='word_1_86' title='bbox 427 669 436 693; x_wconf 88' lang='lat'>:</span> <span class='ocrx_word' id='word_1_87' title='bbox 459 654 647 692; x_wconf 86' lang='lat' dir='ltr'>dubitaret</span> <span class='ocrx_word' id='word_1_88' title='bbox 661 651 791 690; x_wconf 90' lang='lat' dir='ltr'>virtuti</span> <span class='ocrx_word' id='word_1_89' title='bbox 803 649 1044 702; x_wconf 88' lang='lat' dir='ltr'>popularium</span> <span class='ocrx_word' id='word_1_90' title='bbox 1060 664 1107 687; x_wconf 88' lang='lat' dir='ltr'>an</span> <span class='ocrx_word' id='word_1_91' title='bbox 1122 649 1209 689; x_wconf 80' lang='lat' dir='ltr'>fidei</span> <span class='ocrx_word' id='word_1_92' title='bbox 1228 649 1357 690; x_wconf 68' lang='lat' dir='ltr'>mincis</span> <span class='ocrx_word' id='word_1_93' title='bbox 1373 650 1570 692; x_wconf 80' lang='lat' dir='ltr'>crederet?</span> 
     </span>
     <span class='ocr_line' id='line_1_11' title="bbox 61 705 1572 765; baseline -0.005 -11"><span class='ocrx_word' id='word_1_94' title='bbox 61 712 140 762; x_wconf 88' lang='lat' dir='ltr'>Ita,</span> <span class='ocrx_word' id='word_1_95' title='bbox 170 709 423 765; x_wconf 73' lang='lat' dir='ltr'>quocumque</span> <span class='ocrx_word' id='word_1_96' title='bbox 447 714 457 730; x_wconf 85' lang='lat'>¹</span> <span class='ocrx_word' id='word_1_97' title='bbox 477 709 705 755; x_wconf 82' lang='lat' dir='ltr'>intenderat,</span> <span class='ocrx_word' id='word_1_98' title='bbox 737 720 795 746; x_wconf 89' lang='lat' dir='ltr'>res</span> <span class='ocrx_word' id='word_1_99' title='bbox 818 706 985 745; x_wconf 81' lang='lat' dir='ltr'>advorsae</span> <span class='ocrx_word' id='word_1_100' title='bbox 1004 715 1124 744; x_wconf 80' lang='lat' dir='ltr'>erant.</span> <span class='ocrx_word' id='word_1_101' title='bbox 1186 705 1257 745; x_wconf 89' lang='lat' dir='ltr'>Sed</span> <span class='ocrx_word' id='word_1_102' title='bbox 1280 706 1379 746; x_wconf 89' lang='lat' dir='ltr'>inter</span> <span class='ocrx_word' id='word_1_103' title='bbox 1397 721 1461 746; x_wconf 84' lang='lat' dir='ltr'>eas</span> <span class='ocrx_word' id='word_1_104' title='bbox 1481 721 1572 747; x_wconf 88' lang='lat' dir='ltr'>mo-</span> 
     </span>
    </p>
   </div>
   <div class='ocr_carea' id='block_1_3' title="bbox 61 760 1682 822">
    <p class='ocr_par' dir='ltr' id='par_1_3' title="bbox 61 760 1682 822">
     <span class='ocr_line' id='line_1_12' title="bbox 61 760 1682 822; baseline -0.004 -12"><span class='ocrx_word' id='word_1_105' title='bbox 61 784 124 810; x_wconf 83' lang='lat' dir='ltr'>ras</span> <span class='ocrx_word' id='word_1_106' title='bbox 139 769 292 822; x_wconf 76' lang='lat' dir='ltr'>repente</span> <span class='ocrx_word' id='word_1_107' title='bbox 313 769 346 808; x_wconf 94' lang='lat' dir='ltr'>se</span> <span class='ocrx_word' id='word_1_108' title='bbox 369 766 557 808; x_wconf 85' lang='lat' dir='ltr'>Metellus</span> <span class='ocrx_word' id='word_1_109' title='bbox 577 778 670 804; x_wconf 90' lang='lat' dir='ltr'>cum</span> <span class='ocrx_word' id='word_1_110' title='bbox 691 763 864 803; x_wconf 82' lang='lat' dir='ltr'>exercitu</span> <span class='ocrx_word' id='word_1_111' title='bbox 879 761 1057 801; x_wconf 71' lang='lat' dir='ltr'>ostendit.</span> <span class='ocrx_word' id='word_1_112' title='bbox 1098 760 1289 801; x_wconf 82' lang='lat' dir='ltr'>Numidae</span> <span class='ocrx_word' id='word_1_113' title='bbox 1309 763 1356 802; x_wconf 89' lang='lat' dir='ltr'>ab</span> <span class='ocrx_word' id='word_1_114' title='bbox 1371 762 1572 816; x_wconf 61' lang='lat' dir='ltr'>jugurtha.</span> <span class='ocrx_word' id='word_1_115' title='bbox 1635 783 1638 785; x_wconf 49' lang='grc'>“</span> <span class='ocrx_word' id='word_1_116' title='bbox 1680 777 1682 779; x_wconf 70' lang='grc'><strong><em>’</em></strong></span> 
     </span>
    </p>
   </div>
   <div class='ocr_carea' id='block_1_4' title="bbox 61 819 1582 2065">
    <p class='ocr_par' dir='ltr' id='par_1_4' title="bbox 61 819 1582 2065">
     <span class='ocr_line' id='line_1_13' title="bbox 62 819 1574 879; baseline -0.006 -12"><span class='ocrx_word' id='word_1_117' title='bbox 62 840 132 879; x_wconf 86' lang='lat' dir='ltr'>pro</span> <span class='ocrx_word' id='word_1_118' title='bbox 151 836 322 878; x_wconf 83' lang='lat' dir='ltr'>tempore</span> <span class='ocrx_word' id='word_1_119' title='bbox 343 824 478 878; x_wconf 87' lang='lat' dir='ltr'>parati,</span> <span class='ocrx_word' id='word_1_120' title='bbox 501 821 755 873; x_wconf 68' lang='lat' dir='ltr'>instru&amp;ique</span> <span class='ocrx_word' id='word_1_121' title='bbox 775 820 884 859; x_wconf 86' lang='lat' dir='ltr'>sunt:</span> <span class='ocrx_word' id='word_1_122' title='bbox 913 819 1000 858; x_wconf 89' lang='lat' dir='ltr'>dein</span> <span class='ocrx_word' id='word_1_123' title='bbox 1022 819 1206 870; x_wconf 82' lang='lat' dir='ltr'>proelium</span> <span class='ocrx_word' id='word_1_124' title='bbox 1224 819 1421 870; x_wconf 83' lang='lat' dir='ltr'>incipitur.</span> <span class='ocrx_word' id='word_1_125' title='bbox 1473 819 1574 875; x_wconf 68' lang='lat' dir='ltr'>Qa,</span> 
     </span>
     <span class='ocr_line' id='line_1_14' title="bbox 62 875 1573 934; baseline -0.004 -11"><span class='ocrx_word' id='word_1_126' title='bbox 62 884 104 922; x_wconf 86' lang='lat' dir='ltr'>in</span> <span class='ocrx_word' id='word_1_127' title='bbox 125 892 230 934; x_wconf 86' lang='lat' dir='ltr'>parte</span> <span class='ocrx_word' id='word_1_128' title='bbox 249 896 317 921; x_wconf 86' lang='lat' dir='ltr'>rex</span> <span class='ocrx_word' id='word_1_129' title='bbox 332 894 474 933; x_wconf 79' lang='lat' dir='ltr'>pugnae</span> <span class='ocrx_word' id='word_1_130' title='bbox 488 877 614 926; x_wconf 86' lang='lat' dir='ltr'>affuit,</span> <span class='ocrx_word' id='word_1_131' title='bbox 636 877 687 916; x_wconf 91' lang='lat' dir='ltr'>ibi</span> <span class='ocrx_word' id='word_1_132' title='bbox 706 875 926 930; x_wconf 85' lang='lat' dir='ltr'>aliquandiu</span> <span class='ocrx_word' id='word_1_133' title='bbox 949 884 1138 914; x_wconf 86' lang='lat' dir='ltr'>certaturn</span> <span class='ocrx_word' id='word_1_134' title='bbox 1155 887 1162 912; x_wconf 93' lang='lat'>:</span> <span class='ocrx_word' id='word_1_135' title='bbox 1186 877 1317 915; x_wconf 83' lang='lat' dir='ltr'>caeteri</span> <span class='ocrx_word' id='word_1_136' title='bbox 1334 889 1469 917; x_wconf 87' lang='lat' dir='ltr'>omnes</span> <span class='ocrx_word' id='word_1_137' title='bbox 1488 879 1573 932; x_wconf 90' lang='lat' dir='ltr'>ejus</span> 
     </span>
     <span class='ocr_line' id='line_1_15' title="bbox 62 930 1574 991; baseline -0.004 -12"><span class='ocrx_word' id='word_1_138' title='bbox 62 940 204 980; x_wconf 88' lang='lat' dir='ltr'>milites</span> <span class='ocrx_word' id='word_1_139' title='bbox 223 938 349 991; x_wconf 88' lang='lat' dir='ltr'>primo</span> <span class='ocrx_word' id='word_1_140' title='bbox 368 934 568 989; x_wconf 78' lang='lat' dir='ltr'>congressu</span> <span class='ocrx_word' id='word_1_141' title='bbox 583 932 692 987; x_wconf 78' lang='lat' dir='ltr'>puffi,</span> <span class='ocrx_word' id='word_1_142' title='bbox 714 933 914 987; x_wconf 83' lang='lat' dir='ltr'>fugatique</span> <span class='ocrx_word' id='word_1_143' title='bbox 931 946 940 971; x_wconf 77' lang='lat' dir='ltr'>z</span> <span class='ocrx_word' id='word_1_144' title='bbox 964 930 1135 971; x_wconf 88' lang='lat' dir='ltr'>Romani</span> <span class='ocrx_word' id='word_1_145' title='bbox 1155 930 1365 984; x_wconf 74' lang='lat' dir='ltr'>signorum,</span> <span class='ocrx_word' id='word_1_146' title='bbox 1384 933 1424 972; x_wconf 74' lang='grc' dir='ltr'>δι</span> <span class='ocrx_word' id='word_1_147' title='bbox 1439 946 1574 973; x_wconf 88' lang='lat' dir='ltr'>armo-</span> 
     </span>
     <span class='ocr_line' id='line_1_16' title="bbox 62 986 1575 1046; baseline -0.005 -10"><span class='ocrx_word' id='word_1_148' title='bbox 62 1010 168 1044; x_wconf 88' lang='lat' dir='ltr'>rum,</span> <span class='ocrx_word' id='word_1_149' title='bbox 190 995 228 1035; x_wconf 85' lang='lat'>&amp;</span> <span class='ocrx_word' id='word_1_150' title='bbox 249 994 446 1046; x_wconf 86' lang='lat' dir='ltr'>aliquanto</span> <span class='ocrx_word' id='word_1_151' title='bbox 469 1005 630 1031; x_wconf 86' lang='lat' dir='ltr'>numero</span> <span class='ocrx_word' id='word_1_152' title='bbox 649 990 817 1030; x_wconf 89' lang='lat' dir='ltr'>hostium</span> <span class='ocrx_word' id='word_1_153' title='bbox 848 988 974 1041; x_wconf 86' lang='lat' dir='ltr'>potiti.</span> <span class='ocrx_word' id='word_1_154' title='bbox 1034 987 1144 1027; x_wconf 74' lang='lat' dir='ltr'>Nam</span> <span class='ocrx_word' id='word_1_155' title='bbox 1174 986 1295 1028; x_wconf 73' lang='lat' dir='ltr'>ferme</span> <span class='ocrx_word' id='word_1_156' title='bbox 1316 987 1510 1029; x_wconf 81' lang='lat' dir='ltr'>Numidas</span> <span class='ocrx_word' id='word_1_157' title='bbox 1531 989 1575 1030; x_wconf 80' lang='lat' dir='ltr'>in</span> 
     </span>
     <span class='ocr_line' id='line_1_17' title="bbox 62 1044 1574 1102; baseline -0.006 -10"><span class='ocrx_word' id='word_1_158' title='bbox 62 1052 244 1092; x_wconf 87' lang='lat' dir='ltr'>omnibus</span> <span class='ocrx_word' id='word_1_159' title='bbox 266 1049 412 1102; x_wconf 79' lang='lat' dir='ltr'>proeliis</span> <span class='ocrx_word' id='word_1_160' title='bbox 435 1048 558 1102; x_wconf 78' lang='lat' dir='ltr'>magis</span> <span class='ocrx_word' id='word_1_161' title='bbox 581 1049 692 1101; x_wconf 84' lang='lat' dir='ltr'>pedes</span> <span class='ocrx_word' id='word_1_162' title='bbox 715 1046 834 1099; x_wconf 65' lang='lat' dir='ltr'>quam</span> <span class='ocrx_word' id='word_1_163' title='bbox 862 1059 968 1084; x_wconf 81' lang='lat' dir='ltr'>arma</span> <span class='ocrx_word' id='word_1_164' title='bbox 989 1054 1114 1084; x_wconf 80' lang='lat' dir='ltr'>tutata</span> <span class='ocrx_word' id='word_1_165' title='bbox 1134 1045 1231 1084; x_wconf 88' lang='lat' dir='ltr'>sunt.</span> <span class='ocrx_word' id='word_1_166' title='bbox 1292 1044 1352 1086; x_wconf 72' lang='lat' dir='ltr'>Ea</span> <span class='ocrx_word' id='word_1_167' title='bbox 1378 1046 1472 1100; x_wconf 69' lang='lat' dir='ltr'>fuga</span> <span class='ocrx_word' id='word_1_168' title='bbox 1494 1044 1574 1098; x_wconf 87' lang='lat' dir='ltr'>Ju-</span> 
     </span>
     <span class='ocr_line' id='line_1_18' title="bbox 63 1101 1573 1163; baseline -0.004 -15"><span class='ocrx_word' id='word_1_169' title='bbox 63 1110 208 1163; x_wconf 85' lang='lat' dir='ltr'>gurtha</span> <span class='ocrx_word' id='word_1_170' title='bbox 228 1105 433 1158; x_wconf 73' lang='lat' dir='ltr'>impensius</span> <span class='ocrx_word' id='word_1_171' title='bbox 453 1106 571 1144; x_wconf 76' lang='lat' dir='ltr'>modo</span> <span class='ocrx_word' id='word_1_172' title='bbox 593 1105 703 1143; x_wconf 83' lang='lat' dir='ltr'>rebus</span> <span class='ocrx_word' id='word_1_173' title='bbox 723 1102 999 1149; x_wconf 61' lang='lat' dir='ltr'>suisdiffidens,</span> <span class='ocrx_word' id='word_1_174' title='bbox 1021 1116 1111 1141; x_wconf 81' lang='lat' dir='ltr'>cum</span> <span class='ocrx_word' id='word_1_175' title='bbox 1135 1102 1322 1156; x_wconf 77' lang='lat' dir='ltr'>perfugiS,</span> <span class='ocrx_word' id='word_1_176' title='bbox 1344 1101 1381 1142; x_wconf 84' lang='lat'>&amp;</span> <span class='ocrx_word' id='word_1_177' title='bbox 1401 1112 1507 1154; x_wconf 86' lang='lat' dir='ltr'>parte</span> <span class='ocrx_word' id='word_1_178' title='bbox 1526 1117 1573 1143; x_wconf 89' lang='lat' dir='ltr'>e—</span> 
     </span>
     <span class='ocr_line' id='line_1_19' title="bbox 61 1158 1576 1219; baseline -0.004 -14"><span class='ocrx_word' id='word_1_179' title='bbox 61 1166 252 1219; x_wconf 72' lang='lat' dir='ltr'>quitatus.</span> <span class='ocrx_word' id='word_1_180' title='bbox 283 1165 324 1203; x_wconf 89' lang='lat' dir='ltr'>in</span> <span class='ocrx_word' id='word_1_181' title='bbox 345 1162 577 1209; x_wconf 74' lang='lat' dir='ltr'>solitudines,</span> <span class='ocrx_word' id='word_1_182' title='bbox 607 1161 697 1200; x_wconf 87' lang='lat' dir='ltr'>dein</span> <span class='ocrx_word' id='word_1_183' title='bbox 723 1159 740 1182; x_wconf 70' lang='lat' dir='ltr'>b</span> <span class='ocrx_word' id='word_1_184' title='bbox 763 1158 935 1199; x_wconf 86' lang='lat' dir='ltr'>Thalam</span> <span class='ocrx_word' id='word_1_185' title='bbox 956 1158 1154 1210; x_wconf 80' lang='lat' dir='ltr'>pervenit3</span> <span class='ocrx_word' id='word_1_186' title='bbox 1188 1160 1225 1198; x_wconf 92' lang='lat' dir='ltr'>in</span> <span class='ocrx_word' id='word_1_187' title='bbox 1247 1158 1433 1212; x_wconf 86' lang='lat' dir='ltr'>oppidum</span> <span class='ocrx_word' id='word_1_188' title='bbox 1460 1173 1576 1214; x_wconf 89' lang='lat' dir='ltr'>mag-</span> 
     </span>
     <span class='ocr_line' id='line_1_20' title="bbox 63 1214 1576 1272; baseline -0.002 -11"><span class='ocrx_word' id='word_1_189' title='bbox 63 1236 175 1268; x_wconf 88' lang='lat' dir='ltr'>num,</span> <span class='ocrx_word' id='word_1_190' title='bbox 209 1222 246 1260; x_wconf 85' lang='lat'>&amp;</span> <span class='ocrx_word' id='word_1_191' title='bbox 267 1220 518 1272; x_wconf 86' lang='lat' dir='ltr'>opulentum:</span> <span class='ocrx_word' id='word_1_192' title='bbox 550 1218 615 1257; x_wconf 91' lang='lat' dir='ltr'>ubi</span> <span class='ocrx_word' id='word_1_193' title='bbox 637 1217 808 1270; x_wconf 83' lang='lat' dir='ltr'>plerique</span> <span class='ocrx_word' id='word_1_194' title='bbox 838 1216 1012 1264; x_wconf 79' lang='lat' dir='ltr'>thesauri,</span> <span class='ocrx_word' id='word_1_195' title='bbox 1043 1214 1295 1268; x_wconf 81' lang='lat' dir='ltr'>filiorumque</span> <span class='ocrx_word' id='word_1_196' title='bbox 1322 1217 1404 1271; x_wconf 85' lang='lat' dir='ltr'>ejus</span> <span class='ocrx_word' id='word_1_197' title='bbox 1427 1216 1576 1258; x_wconf 84' lang='lat' dir='ltr'>multus</span> 
     </span>
     <span class='ocr_line' id='line_1_21' title="bbox 62 1270 1574 1333; baseline -0.003 -15"><span class='ocrx_word' id='word_1_198' title='bbox 62 1278 238 1333; x_wconf 77' lang='lat' dir='ltr'>pueritiae</span> <span class='ocrx_word' id='word_1_199' title='bbox 259 1290 263 1297; x_wconf 73' lang='grc'><em>“</em></span> <span class='ocrx_word' id='word_1_200' title='bbox 292 1277 419 1316; x_wconf 72' lang='lat' dir='ltr'>cultus</span> <span class='ocrx_word' id='word_1_201' title='bbox 435 1284 528 1315; x_wconf 87' lang='lat' dir='ltr'>erat.</span> <span class='ocrx_word' id='word_1_202' title='bbox 563 1274 668 1328; x_wconf 80' lang='lat' dir='ltr'>Qae</span> <span class='ocrx_word' id='word_1_203' title='bbox 684 1276 889 1327; x_wconf 84' lang='lat' dir='ltr'>postquam</span> <span class='ocrx_word' id='word_1_204' title='bbox 907 1270 1073 1313; x_wconf 87' lang='lat' dir='ltr'>Metello</span> <span class='ocrx_word' id='word_1_205' title='bbox 1090 1284 1289 1324; x_wconf 85' lang='lat' dir='ltr'>comperta</span> <span class='ocrx_word' id='word_1_206' title='bbox 1305 1272 1405 1321; x_wconf 86' lang='lat' dir='ltr'>sunt,</span> <span class='ocrx_word' id='word_1_207' title='bbox 1427 1287 1574 1326; x_wconf 80' lang='lat' dir='ltr'>quarn-</span> 
     </span>
     <span class='ocr_line' id='line_1_22' title="bbox 63 1328 1576 1390; baseline -0.005 -15"><span class='ocrx_word' id='word_1_208' title='bbox 63 1350 181 1390; x_wconf 88' lang='lat' dir='ltr'>quam</span> <span class='ocrx_word' id='word_1_209' title='bbox 203 1335 300 1374; x_wconf 86' lang='lat' dir='ltr'>inter</span> <span class='ocrx_word' id='word_1_210' title='bbox 322 1333 496 1371; x_wconf 72' lang='lat' dir='ltr'>Thalam</span> <span class='ocrx_word' id='word_1_211' title='bbox 527 1331 755 1384; x_wconf 81' lang='lat' dir='ltr'>flumenque</span> <span class='ocrx_word' id='word_1_212' title='bbox 774 1344 1026 1382; x_wconf 86' lang='lat' dir='ltr'>proxumum,</span> <span class='ocrx_word' id='word_1_213' title='bbox 1057 1329 1097 1369; x_wconf 88' lang='lat' dir='ltr'>in</span> <span class='ocrx_word' id='word_1_214' title='bbox 1124 1329 1243 1382; x_wconf 85' lang='lat' dir='ltr'>spatio</span> <span class='ocrx_word' id='word_1_215' title='bbox 1263 1328 1428 1368; x_wconf 90' lang='lat' dir='ltr'>millium</span> <span class='ocrx_word' id='word_1_216' title='bbox 1456 1330 1576 1382; x_wconf 91' lang='lat' dir='ltr'>quin-</span> 
     </span>
     <span class='ocr_line' id='line_1_23' title="bbox 65 1385 1578 1446; baseline -0.003 -15"><span class='ocrx_word' id='word_1_217' title='bbox 65 1393 267 1446; x_wconf 81' lang='lat' dir='ltr'>quaginta,</span> <span class='ocrx_word' id='word_1_218' title='bbox 297 1390 383 1430; x_wconf 82' lang='lat' dir='ltr'>loca</span> <span class='ocrx_word' id='word_1_219' title='bbox 403 1389 522 1437; x_wconf 85' lang='lat' dir='ltr'>arida,</span> <span class='ocrx_word' id='word_1_220' title='bbox 553 1399 670 1437; x_wconf 78' lang='lat' dir='ltr'>atque</span> <span class='ocrx_word' id='word_1_221' title='bbox 689 1386 790 1426; x_wconf 85' lang='lat' dir='ltr'>vasta</span> <span class='ocrx_word' id='word_1_222' title='bbox 817 1385 888 1425; x_wconf 76' lang='lat' dir='ltr'>esse</span> <span class='ocrx_word' id='word_1_223' title='bbox 909 1395 1162 1440; x_wconf 83' lang='lat' dir='ltr'>cognoverat,</span> <span class='ocrx_word' id='word_1_224' title='bbox 1192 1395 1325 1425; x_wconf 85' lang='lat' dir='ltr'>tamen</span> <span class='ocrx_word' id='word_1_225' title='bbox 1346 1387 1382 1426; x_wconf 88' lang='lat' dir='ltr'>se</span> <span class='ocrx_word' id='word_1_226' title='bbox 1400 1387 1578 1438; x_wconf 85' lang='lat' dir='ltr'>patrandi</span> 
     </span>
     <span class='ocr_line' id='line_1_24' title="bbox 65 1442 1578 1502; baseline -0.004 -14"><span class='ocrx_word' id='word_1_227' title='bbox 65 1448 170 1501; x_wconf 83' lang='lat' dir='ltr'>belli,</span> <span class='ocrx_word' id='word_1_228' title='bbox 202 1447 226 1486; x_wconf 72' lang='lat' dir='ltr'>si</span> <span class='ocrx_word' id='word_1_229' title='bbox 254 1449 335 1502; x_wconf 82' lang='lat' dir='ltr'>ejus</span> <span class='ocrx_word' id='word_1_230' title='bbox 363 1446 492 1497; x_wconf 71' lang='lat' dir='ltr'>oppidi</span> <span class='ocrx_word' id='word_1_231' title='bbox 522 1445 669 1496; x_wconf 85' lang='lat' dir='ltr'>potitus</span> <span class='ocrx_word' id='word_1_232' title='bbox 699 1445 814 1492; x_wconf 86' lang='lat' dir='ltr'>foret,</span> <span class='ocrx_word' id='word_1_233' title='bbox 845 1443 972 1483; x_wconf 91' lang='lat' dir='ltr'>omnis</span> <span class='ocrx_word' id='word_1_234' title='bbox 1003 1442 1217 1493; x_wconf 78' lang='lat' dir='ltr'>asperitates</span> <span class='ocrx_word' id='word_1_235' title='bbox 1238 1443 1497 1495; x_wconf 84' lang='lat' dir='ltr'>supervadere,</span> <span class='ocrx_word' id='word_1_236' title='bbox 1529 1456 1578 1482; x_wconf 86' lang='lat' dir='ltr'>ac</span> 
     </span>
     <span class='ocr_line' id='line_1_25' title="bbox 64 1498 1578 1554; baseline -0.004 -10"><span class='ocrx_word' id='word_1_237' title='bbox 64 1504 79 1528; x_wconf 61' lang='grc' dir='ltr'><em>ἀ</em></span> <span class='ocrx_word' id='word_1_238' title='bbox 102 1516 277 1544; x_wconf 83' lang='lat' dir='ltr'>naturam</span> <span class='ocrx_word' id='word_1_239' title='bbox 311 1504 427 1542; x_wconf 80' lang='lat' dir='ltr'>etiam</span> <span class='ocrx_word' id='word_1_240' title='bbox 451 1503 604 1541; x_wconf 82' lang='lat' dir='ltr'>vincere</span> <span class='ocrx_word' id='word_1_241' title='bbox 625 1501 863 1554; x_wconf 75' lang='lat' dir='ltr'>aggreditur.</span> <span class='ocrx_word' id='word_1_242' title='bbox 925 1498 1048 1552; x_wconf 78' lang='lat' dir='ltr'>Igitur</span> <span class='ocrx_word' id='word_1_243' title='bbox 1067 1498 1394 1553; x_wconf 84' lang='lat' dir='ltr'>omniajumenta</span> <span class='ocrx_word' id='word_1_244' title='bbox 1420 1500 1578 1538; x_wconf 80' lang='lat' dir='ltr'>sarcinis</span> 
     </span>
     <span class='ocr_line' id='line_1_26' title="bbox 63 1554 1579 1605; baseline -0.004 -4"><span class='ocrx_word' id='word_1_245' title='bbox 63 1561 176 1601; x_wconf 88' lang='lat' dir='ltr'>levari</span> <span class='ocrx_word' id='word_1_246' title='bbox 200 1562 320 1605; x_wconf 71' lang='lat' dir='ltr'>iubet,</span> <span class='ocrx_word' id='word_1_247' title='bbox 354 1559 420 1598; x_wconf 74' lang='lat' dir='ltr'>nili</span> <span class='ocrx_word' id='word_1_248' title='bbox 452 1559 646 1597; x_wconf 83' lang='lat' dir='ltr'>frumento</span> <span class='ocrx_word' id='word_1_249' title='bbox 667 1558 814 1596; x_wconf 81' lang='lat' dir='ltr'>dierum</span> <span class='ocrx_word' id='word_1_250' title='bbox 838 1572 878 1597; x_wconf 87' lang='lat' dir='ltr'>x.</span> <span class='ocrx_word' id='word_1_251' title='bbox 911 1554 1094 1596; x_wconf 62' lang='lat' dir='ltr'>caeterfizm</span> <span class='ocrx_word' id='word_1_252' title='bbox 1128 1561 1142 1577; x_wconf 70' lang='lat'><em>⁶</em></span> <span class='ocrx_word' id='word_1_253' title='bbox 1166 1556 1258 1594; x_wconf 82' lang='lat' dir='ltr'>utris</span> <span class='ocrx_word' id='word_1_254' title='bbox 1281 1556 1416 1604; x_wconf 75' lang='lat' dir='ltr'>modo,</span> <span class='ocrx_word' id='word_1_255' title='bbox 1445 1555 1483 1594; x_wconf 86' lang='lat'>&amp;</span> <span class='ocrx_word' id='word_1_256' title='bbox 1504 1556 1579 1596; x_wconf 87' lang='lat' dir='ltr'>alia</span> 
     </span>
     <span class='ocr_line' id='line_1_27' title="bbox 64 1610 1579 1671; baseline -0.003 -14"><span class='ocrx_word' id='word_1_257' title='bbox 64 1632 179 1671; x_wconf 58' lang='lat' dir='ltr'>aqut?</span> <span class='ocrx_word' id='word_1_258' title='bbox 196 1610 341 1656; x_wconf 44' lang='lat' dir='ltr'>*idonea</span> <span class='ocrx_word' id='word_1_259' title='bbox 364 1615 517 1666; x_wconf 54' lang='lat' dir='ltr'>p‘=i“::17·i.</span> <span class='ocrx_word' id='word_1_260' title='bbox 580 1613 768 1653; x_wconf 73' lang='lat' dir='ltr'>Praeterea</span> <span class='ocrx_word' id='word_1_261' title='bbox 800 1613 998 1666; x_wconf 84' lang='lat' dir='ltr'>conquirit</span> <span class='ocrx_word' id='word_1_262' title='bbox 1027 1625 1076 1650; x_wconf 83' lang='lat' dir='ltr'>ex</span> <span class='ocrx_word' id='word_1_263' title='bbox 1102 1612 1202 1665; x_wconf 76' lang='lat' dir='ltr'>agris</span> <span class='ocrx_word' id='word_1_264' title='bbox 1224 1612 1346 1665; x_wconf 78' lang='lat' dir='ltr'>quam</span> <span class='ocrx_word' id='word_1_265' title='bbox 1365 1611 1579 1664; x_wconf 67' lang='lat' dir='ltr'>plurimum</span> 
     </span>
     <span class='ocr_line' id='line_1_28' title="bbox 64 1669 1578 1728; baseline -0.004 -15"><span class='ocrx_word' id='word_1_266' title='bbox 64 1674 188 1728; x_wconf 81' lang='lat' dir='ltr'>potest</span> <span class='ocrx_word' id='word_1_267' title='bbox 221 1674 359 1713; x_wconf 43' lang='lat' dir='ltr'>dorni*</span> <span class='ocrx_word' id='word_1_268' title='bbox 385 1687 430 1724; x_wconf 80' lang='lat' dir='ltr'>pe</span> <span class='ocrx_word' id='word_1_269' title='bbox 456 1672 554 1709; x_wconf 67' lang='lat' dir='ltr'>oris:</span> <span class='ocrx_word' id='word_1_270' title='bbox 587 1684 714 1724; x_wconf 84' lang='lat' dir='ltr'>eoque</span> <span class='ocrx_word' id='word_1_271' title='bbox 741 1671 909 1722; x_wconf 80' lang='lat' dir='ltr'>imponit</span> <span class='ocrx_word' id='word_1_272' title='bbox 929 1670 1012 1708; x_wconf 79' lang='lat' dir='ltr'>vasa</span> <span class='ocrx_word' id='word_1_273' title='bbox 1040 1669 1228 1722; x_wconf 77' lang='lat' dir='ltr'>cujusque</span> <span class='ocrx_word' id='word_1_274' title='bbox 1249 1669 1369 1717; x_wconf 88' lang='lat' dir='ltr'>modi,</span> <span class='ocrx_word' id='word_1_275' title='bbox 1402 1669 1460 1708; x_wconf 85' lang='lat' dir='ltr'>sed</span> <span class='ocrx_word' id='word_1_276' title='bbox 1493 1669 1578 1721; x_wconf 90' lang='lat' dir='ltr'>ple-</span> 
     </span>
     <span class='ocr_line' id='line_1_29' title="bbox 64 1723 1579 1784; baseline -0.003 -14"><span class='ocrx_word' id='word_1_277' title='bbox 64 1745 181 1784; x_wconf 86' lang='lat' dir='ltr'>raque</span> <span class='ocrx_word' id='word_1_278' title='bbox 216 1731 355 1784; x_wconf 80' lang='lat' dir='ltr'>lignea,</span> <span class='ocrx_word' id='word_1_279' title='bbox 387 1728 549 1767; x_wconf 57' lang='lat' dir='ltr'>cozlecssta</span> <span class='ocrx_word' id='word_1_280' title='bbox 574 1741 622 1767; x_wconf 83' lang='lat' dir='ltr'>ex</span> <span class='ocrx_word' id='word_1_281' title='bbox 646 1727 811 1780; x_wconf 75' lang='lat' dir='ltr'>tuguriis</span> <span class='ocrx_word' id='word_1_282' title='bbox 843 1726 1121 1765; x_wconf 55' lang='lat' dir='ltr'>Numidarum.</span> <span class='ocrx_word' id='word_1_283' title='bbox 1186 1725 1249 1764; x_wconf 69' lang='lat' dir='ltr'>Ad</span> <span class='ocrx_word' id='word_1_284' title='bbox 1277 1726 1351 1764; x_wconf 89' lang='lat' dir='ltr'>hoc</span> <span class='ocrx_word' id='word_1_285' title='bbox 1383 1723 1579 1765; x_wconf 80' lang='lat' dir='ltr'>finitumis</span> 
     </span>
     <span class='ocr_line' id='line_1_30' title="bbox 64 1780 1580 1840; baseline -0.003 -14"><span class='ocrx_word' id='word_1_286' title='bbox 64 1788 242 1839; x_wconf 77' lang='lat' dir='ltr'>imperat,</span> <span class='ocrx_word' id='word_1_287' title='bbox 274 1788 340 1840; x_wconf 88' lang='lat' dir='ltr'>qui</span> <span class='ocrx_word' id='word_1_288' title='bbox 365 1785 398 1824; x_wconf 82' lang='lat' dir='ltr'>se</span> <span class='ocrx_word' id='word_1_289' title='bbox 419 1784 500 1837; x_wconf 78' lang='lat' dir='ltr'>post</span> <span class='ocrx_word' id='word_1_290' title='bbox 518 1786 618 1837; x_wconf 70' lang='lat' dir='ltr'>regis</span> <span class='ocrx_word' id='word_1_291' title='bbox 640 1785 773 1837; x_wconf 80' lang='lat' dir='ltr'>fugam</span> <span class='ocrx_word' id='word_1_292' title='bbox 792 1782 957 1822; x_wconf 76' lang='lat' dir='ltr'>Metello</span> <span class='ocrx_word' id='word_1_293' title='bbox 971 1782 1205 1830; x_wconf 81' lang='lat' dir='ltr'>dediderant,</span> <span class='ocrx_word' id='word_1_294' title='bbox 1228 1782 1345 1835; x_wconf 72' lang='lat' dir='ltr'>quam</span> <span class='ocrx_word' id='word_1_295' title='bbox 1362 1780 1580 1834; x_wconf 70' lang='lat' dir='ltr'>plurimum</span> 
     </span>
     <span class='ocr_line' id='line_1_31' title="bbox 65 1838 1580 1898; baseline -0.003 -15"><span class='ocrx_word' id='word_1_296' title='bbox 65 1845 226 1898; x_wconf 84' lang='lat' dir='ltr'>quisque</span> <span class='ocrx_word' id='word_1_297' title='bbox 254 1858 366 1896; x_wconf 82' lang='lat' dir='ltr'>aquae</span> <span class='ocrx_word' id='word_1_298' title='bbox 387 1851 575 1894; x_wconf 83' lang='lat' dir='ltr'>portaret:</span> <span class='ocrx_word' id='word_1_299' title='bbox 608 1841 724 1888; x_wconf 85' lang='lat' dir='ltr'>diem,</span> <span class='ocrx_word' id='word_1_300' title='bbox 755 1840 982 1888; x_wconf 83' lang='lat' dir='ltr'>locumque,</span> <span class='ocrx_word' id='word_1_301' title='bbox 1012 1839 1077 1877; x_wconf 79' lang='lat' dir='ltr'>ubi</span> <span class='ocrx_word' id='word_1_302' title='bbox 1101 1838 1241 1892; x_wconf 71' lang='lat' dir='ltr'>praesto</span> <span class='ocrx_word' id='word_1_303' title='bbox 1263 1840 1404 1887; x_wconf 78' lang='lat' dir='ltr'>forent,</span> <span class='ocrx_word' id='word_1_304' title='bbox 1437 1839 1580 1891; x_wconf 84' lang='lat' dir='ltr'>praedi-</span> 
     </span>
     <span class='ocr_line' id='line_1_32' title="bbox 64 1893 1580 1952; baseline -0.003 -12"><span class='ocrx_word' id='word_1_305' title='bbox 64 1901 133 1941; x_wconf 87' lang='lat' dir='ltr'>cit.</span> <span class='ocrx_word' id='word_1_306' title='bbox 196 1900 277 1952; x_wconf 79' lang='lat' dir='ltr'>lpse</span> <span class='ocrx_word' id='word_1_307' title='bbox 290 1914 337 1938; x_wconf 82' lang='lat' dir='ltr'>ex</span> <span class='ocrx_word' id='word_1_308' title='bbox 358 1899 532 1946; x_wconf 67' lang='lat' dir='ltr'>flumine,</span> <span class='ocrx_word' id='word_1_309' title='bbox 555 1912 674 1951; x_wconf 90' lang='lat' dir='ltr'>quam</span> <span class='ocrx_word' id='word_1_310' title='bbox 693 1911 922 1949; x_wconf 81' lang='lat' dir='ltr'>proxumam</span> <span class='ocrx_word' id='word_1_311' title='bbox 943 1909 1084 1948; x_wconf 83' lang='lat' dir='ltr'>aquam</span> <span class='ocrx_word' id='word_1_312' title='bbox 1101 1896 1241 1947; x_wconf 81' lang='lat' dir='ltr'>oppido</span> <span class='ocrx_word' id='word_1_313' title='bbox 1257 1893 1328 1934; x_wconf 81' lang='lat' dir='ltr'>effe</span> <span class='ocrx_word' id='word_1_314' title='bbox 1348 1894 1456 1946; x_wconf 72' lang='lat' dir='ltr'>supra</span> <span class='ocrx_word' id='word_1_315' title='bbox 1476 1894 1580 1937; x_wconf 59' lang='lat' dir='ltr'>dixi—</span> 
     </span>
     <span class='ocr_line' id='line_1_33' title="bbox 65 1950 1580 2009; baseline -0.005 -12"><span class='ocrx_word' id='word_1_316' title='bbox 65 1971 168 2005; x_wconf 81' lang='lat' dir='ltr'>mus,</span> <span class='ocrx_word' id='word_1_317' title='bbox 185 1958 363 2009; x_wconf 83' lang='lat' dir='ltr'>jumenta</span> <span class='ocrx_word' id='word_1_318' title='bbox 385 1967 530 1994; x_wconf 73' lang='lat' dir='ltr'>onerat.</span> <span class='ocrx_word' id='word_1_319' title='bbox 595 1953 655 1993; x_wconf 81' lang='lat' dir='ltr'>Eo</span> <span class='ocrx_word' id='word_1_320' title='bbox 675 1954 793 1993; x_wconf 87' lang='lat' dir='ltr'>modo</span> <span class='ocrx_word' id='word_1_321' title='bbox 814 1953 1021 1993; x_wconf 60' lang='lat' dir='ltr'>instruetus</span> <span class='ocrx_word' id='word_1_322' title='bbox 1041 1951 1088 1991; x_wconf 90' lang='lat' dir='ltr'>ad</span> <span class='ocrx_word' id='word_1_323' title='bbox 1110 1951 1283 1991; x_wconf 82' lang='lat' dir='ltr'>Thalam</span> <span class='ocrx_word' id='word_1_324' title='bbox 1310 1950 1580 2004; x_wconf 85' lang='lat' dir='ltr'>proficiscitur.</span> 
     </span>
     <span class='ocr_line' id='line_1_34' title="bbox 65 2006 1582 2065; baseline -0.007 -11"><span class='ocrx_word' id='word_1_325' title='bbox 65 2012 175 2062; x_wconf 84' lang='lat' dir='ltr'>Dein</span> <span class='ocrx_word' id='word_1_326' title='bbox 196 2013 260 2053; x_wconf 90' lang='lat' dir='ltr'>ubi</span> <span class='ocrx_word' id='word_1_327' title='bbox 281 2013 327 2052; x_wconf 88' lang='lat' dir='ltr'>ad</span> <span class='ocrx_word' id='word_1_328' title='bbox 348 2012 384 2061; x_wconf 85' lang='lat' dir='ltr'>id</span> <span class='ocrx_word' id='word_1_329' title='bbox 401 2012 478 2052; x_wconf 88' lang='lat' dir='ltr'>loci</span> <span class='ocrx_word' id='word_1_330' title='bbox 501 2020 677 2060; x_wconf 87' lang='lat' dir='ltr'>ventum,</span> <span class='ocrx_word' id='word_1_331' title='bbox 698 2011 778 2065; x_wconf 78' lang='lat' dir='ltr'>quo</span> <span class='ocrx_word' id='word_1_332' title='bbox 801 2009 991 2050; x_wconf 86' lang='lat' dir='ltr'>Numidis</span> <span class='ocrx_word' id='word_1_333' title='bbox 1007 2019 1240 2062; x_wconf 81' lang='lat' dir='ltr'>praeceperat</span> <span class='ocrx_word' id='word_1_334' title='bbox 1256 2025 1269 2056; x_wconf 82' lang='lat'>3</span> <span class='ocrx_word' id='word_1_335' title='bbox 1288 2007 1326 2048; x_wconf 84' lang='lat'>&amp;</span> <span class='ocrx_word' id='word_1_336' title='bbox 1342 2007 1464 2048; x_wconf 85' lang='lat' dir='ltr'>castra</span> <span class='ocrx_word' id='word_1_337' title='bbox 1478 2006 1582 2062; x_wconf 72' lang='lat' dir='ltr'>posi-</span> 
     </span>
    </p>
   </div>
   <div class='ocr_carea' id='block_1_5' title="bbox 550 2174 1096 2203">
    <p class='ocr_par' dir='ltr' id='par_1_5' title="bbox 550 2174 1096 2203">
     <span class='ocr_line' id='line_1_35' title="bbox 550 2174 1096 2203; baseline -0.002 -1"><span class='ocrx_word' id='word_1_338' title='bbox 550 2174 1096 2203; x_wconf 81' lang='lat' dir='ltr'><strong>INTERPRETATIO.</strong></span> 
     </span>
    </p>
   </div>
   <div class='ocr_carea' id='block_1_6' title="bbox 191 2280 1456 2338">
    <p class='ocr_par' dir='ltr' id='par_1_6' title="bbox 191 2280 1456 2338">
     <span class='ocr_line' id='line_1_36' title="bbox 191 2280 1456 2338; baseline -0.002 -14"><span class='ocrx_word' id='word_1_339' title='bbox 191 2287 202 2305; x_wconf 86' lang='lat'>¹</span> <span class='ocrx_word' id='word_1_340' title='bbox 235 2283 365 2338; x_wconf 79' lang='lat' dir='ltr'>Itaque</span> <span class='ocrx_word' id='word_1_341' title='bbox 385 2283 602 2337; x_wconf 66' lang='lat' dir='ltr'>qzchumque</span> <span class='ocrx_word' id='word_1_342' title='bbox 621 2286 782 2324; x_wconf 77' lang='lat' dir='ltr'>animum</span> <span class='ocrx_word' id='word_1_343' title='bbox 802 2291 1045 2334; x_wconf 73' lang='lat' dir='ltr'>converterat,</span> <span class='ocrx_word' id='word_1_344' title='bbox 1078 2297 1134 2323; x_wconf 85' lang='lat' dir='ltr'>res</span> <span class='ocrx_word' id='word_1_345' title='bbox 1153 2280 1319 2338; x_wconf 70' lang='lat' dir='ltr'>advmsae</span> <span class='ocrx_word' id='word_1_346' title='bbox 1337 2290 1456 2322; x_wconf 82' lang='lat' dir='ltr'>erant.</span> 
     </span>
    </p>
   </div>
   <div class='ocr_carea' id='block_1_7' title="bbox 69 2445 1588 2760">
    <p class='ocr_par' dir='ltr' id='par_1_7' title="bbox 69 2445 1588 2760">
     <span class='ocr_line' id='line_1_37' title="bbox 730 2445 921 2475; baseline -0.01 0"><span class='ocrx_word' id='word_1_347' title='bbox 730 2446 758 2474; x_wconf 85' lang='lat' dir='ltr'>N</span> <span class='ocrx_word' id='word_1_348' title='bbox 773 2445 798 2475; x_wconf 92' lang='lat'><em>0</em></span> <span class='ocrx_word' id='word_1_349' title='bbox 817 2446 846 2474; x_wconf 87' lang='grc' dir='ltr'><strong>Τ</strong></span> <span class='ocrx_word' id='word_1_350' title='bbox 866 2446 921 2474; x_wconf 77' lang='lat' dir='ltr'>AE.</span> 
     </span>
     <span class='ocr_line' id='line_1_38' title="bbox 110 2547 1239 2591; baseline -0.004 -11"><span class='ocrx_word' id='word_1_351' title='bbox 110 2554 127 2572; x_wconf 74' lang='lat'>2</span> <span class='ocrx_word' id='word_1_352' title='bbox 149 2548 228 2591; x_wconf 65' lang='lat' dir='ltr'>Em]</span> <span class='ocrx_word' id='word_1_353' title='bbox 252 2547 350 2591; x_wconf 70' lang='lat' dir='ltr'>Qod,</span> <span class='ocrx_word' id='word_1_354' title='bbox 367 2548 522 2587; x_wconf 86' lang='lat' dir='ltr'>nimirum,</span> <span class='ocrx_word' id='word_1_355' title='bbox 546 2549 659 2579; x_wconf 82' lang='lat' dir='ltr'>senatus</span> <span class='ocrx_word' id='word_1_356' title='bbox 672 2547 798 2578; x_wconf 72' lang='lat' dir='ltr'>Meteno</span> <span class='ocrx_word' id='word_1_357' title='bbox 851 2547 887 2579; x_wconf 67' lang='lat'>(25</span> <span class='ocrx_word' id='word_1_358' title='bbox 903 2550 1091 2578; x_wconf 79' lang='lat' dir='ltr'>recreationem</span> <span class='ocrx_word' id='word_1_359' title='bbox 1107 2547 1239 2588; x_wconf 80' lang='lat' dir='ltr'>pertinet.</span> 
     </span>
     <span class='ocr_line' id='line_1_39' title="bbox 69 2583 1588 2632; baseline -0.004 -9"><span class='ocrx_word' id='word_1_360' title='bbox 69 2592 249 2623; x_wconf 81' lang='lat' dir='ltr'>Numidiam</span> <span class='ocrx_word' id='word_1_361' title='bbox 263 2594 437 2621; x_wconf 81' lang='lat' dir='ltr'>decreverat.</span> <span class='ocrx_word' id='word_1_362' title='bbox 896 2591 909 2613; x_wconf 87' lang='lat' dir='ltr'>d</span> <span class='ocrx_word' id='word_1_363' title='bbox 935 2592 1110 2632; x_wconf 75' lang='lat' dir='ltr'>Naeuram.j</span> <span class='ocrx_word' id='word_1_364' title='bbox 1155 2591 1202 2621; x_wconf 80' lang='lat' dir='ltr'>De</span> <span class='ocrx_word' id='word_1_365' title='bbox 1223 2586 1355 2619; x_wconf 82' lang='lat' dir='ltr'>ariditate</span> <span class='ocrx_word' id='word_1_366' title='bbox 1368 2584 1423 2617; x_wconf 75' lang='grc' dir='ltr'>1ῡεῖ</span> <span class='ocrx_word' id='word_1_367' title='bbox 1438 2583 1588 2627; x_wconf 64' lang='grc' dir='ltr'>Ρῐὲεἷριιέ</span> 
     </span>
     <span class='ocr_line' id='line_1_40' title="bbox 113 2632 1038 2674; baseline -0.002 -10"><span class='ocrx_word' id='word_1_368' title='bbox 113 2632 127 2656; x_wconf 78' lang='lat' dir='ltr'>b</span> <span class='ocrx_word' id='word_1_369' title='bbox 144 2633 300 2674; x_wconf 69' lang='lat' dir='ltr'>Thalam]</span> <span class='ocrx_word' id='word_1_370' title='bbox 333 2633 408 2664; x_wconf 72' lang='lat' dir='ltr'>Satis</span> <span class='ocrx_word' id='word_1_371' title='bbox 425 2634 534 2664; x_wconf 82' lang='lat' dir='ltr'>constat</span> <span class='ocrx_word' id='word_1_372' title='bbox 548 2633 662 2664; x_wconf 84' lang='lat' dir='ltr'>Africae</span> <span class='ocrx_word' id='word_1_373' title='bbox 678 2633 802 2672; x_wconf 78' lang='lat' dir='ltr'>propriae</span> <span class='ocrx_word' id='word_1_374' title='bbox 853 2634 1038 2672; x_wconf 83' lang='lat' dir='ltr'>intelligitur.</span> 
     </span>
     <span class='ocr_line' id='line_1_41' title="bbox 70 2670 1588 2749; baseline -0.002 -43"><span class='ocrx_word' id='word_1_375' title='bbox 70 2677 175 2749; x_wconf 48' lang='lat' dir='ltr'>pglricm</span> <span class='ocrx_word' id='word_1_376' title='bbox 194 2677 299 2706; x_wconf 78' lang='lat' dir='ltr'>fuiffe:</span> <span class='ocrx_word' id='word_1_377' title='bbox 338 2677 416 2705; x_wconf 85' lang='lat' dir='ltr'>Situs</span> <span class='ocrx_word' id='word_1_378' title='bbox 435 2675 552 2715; x_wconf 64' lang='lat' dir='ltr'>praecise</span> <span class='ocrx_word' id='word_1_379' title='bbox 573 2688 632 2707; x_wconf 85' lang='lat' dir='ltr'>non</span> <span class='ocrx_word' id='word_1_380' title='bbox 653 2676 802 2715; x_wconf 80' lang='lat' dir='ltr'>cognosci-</span> <span class='ocrx_word' id='word_1_381' title='bbox 855 2719 874 2749; x_wconf 63' lang='lat' dir='ltr'>r</span> <span class='ocrx_word' id='word_1_382' title='bbox 896 2683 912 2700; x_wconf 75' lang='lat'>⁸</span> <span class='ocrx_word' id='word_1_383' title='bbox 936 2676 1048 2720; x_wconf 63' lang='lat' dir='ltr'>Utrin]</span> <span class='ocrx_word' id='word_1_384' title='bbox 1083 2678 1157 2707; x_wconf 87' lang='lat' dir='ltr'>Uter</span> <span class='ocrx_word' id='word_1_385' title='bbox 1168 2672 1251 2717; x_wconf 75' lang='lat' dir='ltr'>pellis</span> <span class='ocrx_word' id='word_1_386' title='bbox 1268 2672 1309 2704; x_wconf 80' lang='lat' dir='ltr'>est</span> <span class='ocrx_word' id='word_1_387' title='bbox 1323 2670 1381 2714; x_wconf 60' lang='lat' dir='ltr'>qui</span> <span class='ocrx_word' id='word_1_388' title='bbox 1397 2671 1588 2704; x_wconf 78' lang='lat' dir='ltr'>continentur</span> 
     </span>
     <span class='ocr_line' id='line_1_42' title="bbox 74 2729 1392 2760; baseline 0 -11"><span class='ocrx_word' id='word_1_389' title='bbox 74 2752 76 2755; x_wconf 21' lang='lat' dir='ltr'>v</span> <span class='ocrx_word' id='word_1_390' title='bbox 127 2740 136 2749; x_wconf 88' lang='lat'><strong>.</strong></span> <span class='ocrx_word' id='word_1_391' title='bbox 868 2729 991 2760; x_wconf 78' lang='lat' dir='ltr'>iquores.</span> <span class='ocrx_word' id='word_1_392' title='bbox 1386 2736 1392 2741; x_wconf 86' lang='lat'><em>—</em></span> 
     </span>
    </p>
   </div>
   <div class='ocr_carea' id='block_1_8' title="bbox 109 2760 1590 2850">
    <p class='ocr_par' dir='ltr' id='par_1_8' title="bbox 109 2760 1590 2850">
     <span class='ocr_line' id='line_1_43' title="bbox 109 2760 1550 2838; baseline -0.003 -45"><span class='ocrx_word' id='word_1_393' title='bbox 109 2768 125 2786; x_wconf 74' lang='lat'>‘-</span> <span class='ocrx_word' id='word_1_394' title='bbox 145 2760 272 2804; x_wconf 76' lang='lat' dir='ltr'>Cultus.]</span> <span class='ocrx_word' id='word_1_395' title='bbox 296 2763 331 2793; x_wconf 82' lang='lat' dir='ltr'>Id</span> <span class='ocrx_word' id='word_1_396' title='bbox 340 2761 390 2800; x_wconf 90' lang='lat' dir='ltr'>est,</span> <span class='ocrx_word' id='word_1_397' title='bbox 410 2760 557 2803; x_wconf 79' lang='lat' dir='ltr'>Qr&#39;cquia&#39;</span> <span class='ocrx_word' id='word_1_398' title='bbox 567 2761 609 2793; x_wconf 80' lang='lat' dir='ltr'>ad</span> <span class='ocrx_word' id='word_1_399' title='bbox 621 2760 802 2793; x_wconf 73' lang='lat' dir='ltr'>edueationem</span> <span class='ocrx_word' id='word_1_400' title='bbox 1532 2804 1550 2838; x_wconf 62' lang='lat' dir='ltr'><strong>t</strong></span> 
     </span>
     <span class='ocr_line' id='line_1_44' title="bbox 1551 2810 1590 2850; baseline 0 0"><span class='ocrx_word' id='word_1_401' title='bbox 1551 2810 1590 2850; x_wconf 66' lang='lat' dir='ltr'>a»</span> 
     </span>
    </p>
   </div>
  </div>
 </body>
</html>
