<?xml version="1.0" encoding="UTF-8"?>
<!DOCTYPE html PUBLIC "-//W3C//DTD XHTML 1.0 Transitional//EN"
    "http://www.w3.org/TR/xhtml1/DTD/xhtml1-transitional.dtd">
<html xmlns="http://www.w3.org/1999/xhtml" xml:lang="en" lang="en">
 <head>
  <title>
</title>
<meta http-equiv="Content-Type" content="text/html;charset=utf-8" />
  <meta name='ocr-system' content='tesseract 3.04.00' />
  <meta name='ocr-capabilities' content='ocr_page ocr_carea ocr_par ocr_line ocrx_word'/>
</head>
<body>
  <div class='ocr_page' id='page_1' title='image "./workslatin1793cs00salluoft_0146.png"; bbox 0 0 1701 3051; ppageno 0'>
   <div class='ocr_carea' id='block_1_1' title="bbox 82 42 1105 124">
    <p class='ocr_par' dir='ltr' id='par_1_1' title="bbox 82 42 1105 124">
     <span class='ocr_line' id='line_1_1' title="bbox 82 42 1105 124; baseline -0.002 -11"><span class='ocrx_word' id='word_1_1' title='bbox 82 81 164 124; x_wconf 56' lang='grc' dir='ltr'><strong>ιη</strong></span> <span class='ocrx_word' id='word_1_2' title='bbox 520 42 1105 111; x_wconf 67' lang='grc' dir='ltr'><strong>ἐΑιιυεΤῙΙ</strong></span> 
     </span>
    </p>
   </div>
   <div class='ocr_carea' id='block_1_2' title="bbox 36 150 1579 1789">
    <p class='ocr_par' dir='ltr' id='par_1_2' title="bbox 36 150 1579 1789">
     <span class='ocr_line' id='line_1_2' title="bbox 73 150 1578 208; baseline 0.003 -14"><span class='ocrx_word' id='word_1_3' title='bbox 73 163 130 204; x_wconf 85' lang='lat' dir='ltr'><strong>ta,</strong></span> <span class='ocrx_word' id='word_1_4' title='bbox 159 153 388 207; x_wconf 82' lang='lat' dir='ltr'>munitaque</span> <span class='ocrx_word' id='word_1_5' title='bbox 405 152 519 203; x_wconf 82' lang='lat' dir='ltr'><strong>sunt3</strong></span> <span class='ocrx_word' id='word_1_6' title='bbox 551 159 658 192; x_wconf 89' lang='lat' dir='ltr'><strong>tanta</strong></span> <span class='ocrx_word' id='word_1_7' title='bbox 686 150 841 203; x_wconf 74' lang='lat' dir='ltr'><strong>repente</strong></span> <span class='ocrx_word' id='word_1_8' title='bbox 865 151 972 193; x_wconf 87' lang='lat' dir='ltr'><strong>coelo</strong></span> <span class='ocrx_word' id='word_1_9' title='bbox 996 150 1105 192; x_wconf 84' lang='lat' dir='ltr'><strong>miffa</strong></span> <span class='ocrx_word' id='word_1_10' title='bbox 1129 151 1188 192; x_wconf 78' lang='lat' dir='ltr'><strong>vis</strong></span> <span class='ocrx_word' id='word_1_11' title='bbox 1208 166 1324 207; x_wconf 85' lang='lat' dir='ltr'><strong>aquae</strong></span> <span class='ocrx_word' id='word_1_12' title='bbox 1347 152 1503 208; x_wconf 88' lang='lat' dir='ltr'><strong>dicitur,</strong></span> <span class='ocrx_word' id='word_1_13' title='bbox 1531 164 1578 199; x_wconf 88' lang='lat' dir='ltr'><strong>ut</strong></span> 
     </span>
     <span class='ocr_line' id='line_1_3' title="bbox 72 205 1579 267; baseline 0.002 -16"><span class='ocrx_word' id='word_1_14' title='bbox 72 224 119 251; x_wconf 81' lang='lat' dir='ltr'><strong>ea</strong></span> <span class='ocrx_word' id='word_1_15' title='bbox 152 209 271 251; x_wconf 73' lang='lat' dir='ltr'><strong>modo</strong></span> <span class='ocrx_word' id='word_1_16' title='bbox 296 209 480 250; x_wconf 86' lang='lat' dir='ltr'><strong>exercitui</strong></span> <span class='ocrx_word' id='word_1_17' title='bbox 514 206 600 248; x_wconf 80' lang='lat' dir='ltr'><strong>satis</strong></span> <span class='ocrx_word' id='word_1_18' title='bbox 635 205 822 262; x_wconf 74' lang='lat' dir='ltr'><strong>superque</strong></span> <span class='ocrx_word' id='word_1_19' title='bbox 855 208 966 248; x_wconf 90' lang='lat' dir='ltr'><strong>foret.</strong></span> <span class='ocrx_word' id='word_1_20' title='bbox 1027 208 1217 250; x_wconf 83' lang='lat' dir='ltr'><strong>Praeterea</strong></span> <span class='ocrx_word' id='word_1_21' title='bbox 1248 222 1491 253; x_wconf 85' lang='lat' dir='ltr'>commeatus</span> <span class='ocrx_word' id='word_1_22' title='bbox 1515 214 1579 267; x_wconf 86' lang='lat' dir='ltr'><strong>spe</strong></span> 
     </span>
     <span class='ocr_line' id='line_1_4' title="bbox 73 262 1578 320; baseline 0.003 -14"><span class='ocrx_word' id='word_1_23' title='bbox 73 266 253 319; x_wconf 80' lang='lat' dir='ltr'><strong>amplior,</strong></span> <span class='ocrx_word' id='word_1_24' title='bbox 282 267 371 320; x_wconf 88' lang='lat' dir='ltr'><strong>quia</strong></span> <span class='ocrx_word' id='word_1_25' title='bbox 404 264 611 313; x_wconf 81' lang='lat' dir='ltr'><strong>Numidae,</strong></span> <span class='ocrx_word' id='word_1_26' title='bbox 650 262 762 303; x_wconf 69' lang='lat' dir='ltr'><strong>sicuti</strong></span> <span class='ocrx_word' id='word_1_27' title='bbox 795 262 969 318; x_wconf 85' lang='lat' dir='ltr'>plerique</span> <span class='ocrx_word' id='word_1_28' title='bbox 1001 265 1044 305; x_wconf 91' lang='lat' dir='ltr'><strong>in</strong></span> <span class='ocrx_word' id='word_1_29' title='bbox 1074 266 1176 306; x_wconf 70' lang='lat' dir='ltr'><strong>nova</strong></span> <span class='ocrx_word' id='word_1_30' title='bbox 1201 266 1409 319; x_wconf 89' lang='lat' dir='ltr'><strong>deditione,</strong></span> <span class='ocrx_word' id='word_1_31' title='bbox 1445 271 1578 310; x_wconf 84' lang='lat' dir='ltr'><strong>officia</strong></span> 
     </span>
     <span class='ocr_line' id='line_1_5' title="bbox 71 319 1576 379; baseline 0.001 -17"><span class='ocrx_word' id='word_1_32' title='bbox 71 329 90 346; x_wconf 77' lang='lat'>²</span> <span class='ocrx_word' id='word_1_33' title='bbox 108 322 362 363; x_wconf 82' lang='lat' dir='ltr'>intenderant.</span> <span class='ocrx_word' id='word_1_34' title='bbox 422 319 629 363; x_wconf 67' lang='lat' dir='ltr'><strong>Caeterum</strong></span> <span class='ocrx_word' id='word_1_35' title='bbox 649 319 805 370; x_wconf 86' lang='lat' dir='ltr'><strong>milites,</strong></span> <span class='ocrx_word' id='word_1_36' title='bbox 825 320 1029 374; x_wconf 84' lang='lat' dir='ltr'><strong>religione,</strong></span> <span class='ocrx_word' id='word_1_37' title='bbox 1058 319 1195 373; x_wconf 64' lang='lat' dir='ltr'><strong>pluvia</strong></span> <span class='ocrx_word' id='word_1_38' title='bbox 1209 324 1333 378; x_wconf 81' lang='lat' dir='ltr'><strong>magis</strong></span> <span class='ocrx_word' id='word_1_39' title='bbox 1348 325 1419 375; x_wconf 81' lang='lat' dir='ltr'><strong>ufi,</strong></span> <span class='ocrx_word' id='word_1_40' title='bbox 1448 340 1576 379; x_wconf 88' lang='lat' dir='ltr'><strong>eaque</strong></span> 
     </span>
     <span class='ocr_line' id='line_1_6' title="bbox 36 373 1576 430; baseline 0.003 -12"><span class='ocrx_word' id='word_1_41' title='bbox 36 373 41 378; x_wconf 72' lang='grc'>’</span> <span class='ocrx_word' id='word_1_42' title='bbox 71 392 133 430; x_wconf 73' lang='lat' dir='ltr'><strong>res</strong></span> <span class='ocrx_word' id='word_1_43' title='bbox 152 376 319 418; x_wconf 65' lang='lat' dir='ltr'><strong>multum</strong></span> <span class='ocrx_word' id='word_1_44' title='bbox 347 376 488 416; x_wconf 88' lang='lat' dir='ltr'><strong>animis</strong></span> <span class='ocrx_word' id='word_1_45' title='bbox 505 390 640 417; x_wconf 89' lang='lat' dir='ltr'><strong>eorum</strong></span> <span class='ocrx_word' id='word_1_46' title='bbox 670 376 827 417; x_wconf 83' lang='lat' dir='ltr'><strong>addidit.</strong></span> <span class='ocrx_word' id='word_1_47' title='bbox 885 375 996 417; x_wconf 88' lang='lat' dir='ltr'><strong>Nam</strong></span> <span class='ocrx_word' id='word_1_48' title='bbox 1020 377 1090 417; x_wconf 84' lang='lat' dir='ltr'><strong>rati</strong></span> <span class='ocrx_word' id='word_1_49' title='bbox 1109 378 1181 418; x_wconf 89' lang='lat' dir='ltr'><strong>sese</strong></span> <span class='ocrx_word' id='word_1_50' title='bbox 1199 379 1269 419; x_wconf 86' lang='lat' dir='ltr'><strong>diis</strong></span> <span class='ocrx_word' id='word_1_51' title='bbox 1291 382 1576 423; x_wconf 82' lang='lat' dir='ltr'><strong>immortalibus</strong></span> 
     </span>
     <span class='ocr_line' id='line_1_7' title="bbox 71 430 1577 488; baseline 0.003 -14"><span class='ocrx_word' id='word_1_52' title='bbox 71 448 178 474; x_wconf 82' lang='lat' dir='ltr'><strong>curae</strong></span> <span class='ocrx_word' id='word_1_53' title='bbox 192 433 263 473; x_wconf 85' lang='lat' dir='ltr'><strong>effe</strong></span> <span class='ocrx_word' id='word_1_54' title='bbox 280 449 289 472; x_wconf 72' lang='grc' dir='ltr'>ε</span> <span class='ocrx_word' id='word_1_55' title='bbox 320 433 408 473; x_wconf 86' lang='lat' dir='ltr'><strong>dein</strong></span> <span class='ocrx_word' id='word_1_56' title='bbox 424 430 574 485; x_wconf 67' lang='lat' dir='ltr'><strong>postera</strong></span> <span class='ocrx_word' id='word_1_57' title='bbox 591 433 670 482; x_wconf 89' lang='lat' dir='ltr'><strong>die,</strong></span> <span class='ocrx_word' id='word_1_58' title='bbox 691 441 827 473; x_wconf 89' lang='lat' dir='ltr'><strong>contra</strong></span> <span class='ocrx_word' id='word_1_59' title='bbox 841 434 1063 486; x_wconf 86' lang='lat' dir='ltr'><strong>opinionem</strong></span> <span class='ocrx_word' id='word_1_60' title='bbox 1079 431 1302 488; x_wconf 83' lang='lat' dir='ltr'><strong>Jugurthae,</strong></span> <span class='ocrx_word' id='word_1_61' title='bbox 1331 438 1379 478; x_wconf 90' lang='lat' dir='ltr'><strong>ad</strong></span> <span class='ocrx_word' id='word_1_62' title='bbox 1399 434 1577 479; x_wconf 86' lang='lat' dir='ltr'><strong>Thalam</strong></span> 
     </span>
     <span class='ocr_line' id='line_1_8' title="bbox 70 489 1576 544; baseline 0.003 -14"><span class='ocrx_word' id='word_1_63' title='bbox 70 491 311 544; x_wconf 87' lang='lat' dir='ltr'><strong>perveniunt.</strong></span> <span class='ocrx_word' id='word_1_64' title='bbox 375 489 591 543; x_wconf 87' lang='lat' dir='ltr'><strong>Oppidani,</strong></span> <span class='ocrx_word' id='word_1_65' title='bbox 618 490 685 543; x_wconf 89' lang='lat' dir='ltr'><strong>qui</strong></span> <span class='ocrx_word' id='word_1_66' title='bbox 711 490 747 530; x_wconf 89' lang='lat' dir='ltr'><strong>se</strong></span> <span class='ocrx_word' id='word_1_67' title='bbox 775 490 953 530; x_wconf 88' lang='lat' dir='ltr'><strong>locorum</strong></span> <span class='ocrx_word' id='word_1_68' title='bbox 985 491 1180 542; x_wconf 83' lang='lat' dir='ltr'><strong>asperitate</strong></span> <span class='ocrx_word' id='word_1_69' title='bbox 1203 493 1374 534; x_wconf 84' lang='lat' dir='ltr'><strong>munitos</strong></span> <span class='ocrx_word' id='word_1_70' title='bbox 1400 494 1576 535; x_wconf 84' lang='lat' dir='ltr'><strong>credide-</strong></span> 
     </span>
     <span class='ocr_line' id='line_1_9' title="bbox 68 545 1570 604; baseline 0.003 -17"><span class='ocrx_word' id='word_1_71' title='bbox 68 556 169 594; x_wconf 83' lang='lat' dir='ltr'><strong>rant,</strong></span> <span class='ocrx_word' id='word_1_72' title='bbox 200 547 344 599; x_wconf 69' lang='lat' dir='ltr'><strong>magna</strong></span> <span class='ocrx_word' id='word_1_73' title='bbox 365 556 481 599; x_wconf 86' lang='lat' dir='ltr'><strong>atque</strong></span> <span class='ocrx_word' id='word_1_74' title='bbox 498 546 647 587; x_wconf 74' lang='lat' dir='ltr'><strong>insolita</strong></span> <span class='ocrx_word' id='word_1_75' title='bbox 666 560 707 586; x_wconf 90' lang='lat' dir='ltr'><strong>re</strong></span> <span class='ocrx_word' id='word_1_76' title='bbox 725 545 900 598; x_wconf 84' lang='lat' dir='ltr'><strong>perculfi,</strong></span> <span class='ocrx_word' id='word_1_77' title='bbox 930 547 1053 586; x_wconf 87' lang='lat' dir='ltr'><strong>nihilo</strong></span> <span class='ocrx_word' id='word_1_78' title='bbox 1072 545 1222 601; x_wconf 73' lang='lat' dir='ltr'><strong>segnius</strong></span> <span class='ocrx_word' id='word_1_79' title='bbox 1242 548 1386 592; x_wconf 87' lang='lat' dir='ltr'><strong>bellum</strong></span> <span class='ocrx_word' id='word_1_80' title='bbox 1408 565 1539 604; x_wconf 82' lang='lat' dir='ltr'><strong>parare</strong></span> <span class='ocrx_word' id='word_1_81' title='bbox 1556 565 1570 592; x_wconf 72' lang='grc' dir='ltr'>ε</span> 
     </span>
     <span class='ocr_line' id='line_1_10' title="bbox 68 601 1573 658; baseline 0.002 -14"><span class='ocrx_word' id='word_1_82' title='bbox 68 603 172 644; x_wconf 81' lang='lat' dir='ltr'><strong>idem</strong></span> <span class='ocrx_word' id='word_1_83' title='bbox 201 602 317 642; x_wconf 83' lang='lat' dir='ltr'><strong>nostri</strong></span> <span class='ocrx_word' id='word_1_84' title='bbox 339 602 477 643; x_wconf 86' lang='lat' dir='ltr'><strong>facere.</strong></span> <span class='ocrx_word' id='word_1_85' title='bbox 539 601 612 642; x_wconf 90' lang='lat' dir='ltr'><strong>Sed</strong></span> <span class='ocrx_word' id='word_1_86' title='bbox 638 617 721 652; x_wconf 88' lang='lat' dir='ltr'><strong>rex,</strong></span> <span class='ocrx_word' id='word_1_87' title='bbox 751 603 844 643; x_wconf 85' lang='lat' dir='ltr'><strong>nibil</strong></span> <span class='ocrx_word' id='word_1_88' title='bbox 859 603 943 658; x_wconf 88' lang='lat' dir='ltr'><strong>jarn</strong></span> <span class='ocrx_word' id='word_1_89' title='bbox 965 602 1130 643; x_wconf 84' lang='lat' dir='ltr'><strong>Metello</strong></span> <span class='ocrx_word' id='word_1_90' title='bbox 1154 603 1170 626; x_wconf 65' lang='lat' dir='ltr'><strong>b</strong></span> <span class='ocrx_word' id='word_1_91' title='bbox 1190 604 1376 647; x_wconf 60' lang='lat' dir='ltr'><strong>inferitum</strong></span> <span class='ocrx_word' id='word_1_92' title='bbox 1396 608 1573 657; x_wconf 85' lang='lat' dir='ltr'><strong>credens,</strong></span> 
     </span>
     <span class='ocr_line' id='line_1_11' title="bbox 68 659 1573 716; baseline 0.005 -19"><span class='ocrx_word' id='word_1_93' title='bbox 68 660 212 711; x_wconf 84' lang='lat' dir='ltr'><strong>quippe</strong></span> <span class='ocrx_word' id='word_1_94' title='bbox 232 659 297 710; x_wconf 89' lang='lat' dir='ltr'><strong>qui</strong></span> <span class='ocrx_word' id='word_1_95' title='bbox 317 660 450 699; x_wconf 87' lang='lat' dir='ltr'><strong>omnia</strong></span> <span class='ocrx_word' id='word_1_96' title='bbox 469 673 591 708; x_wconf 86' lang='lat' dir='ltr'><strong>arma,</strong></span> <span class='ocrx_word' id='word_1_97' title='bbox 612 659 702 708; x_wconf 89' lang='lat' dir='ltr'><strong>tela,</strong></span> <span class='ocrx_word' id='word_1_98' title='bbox 724 660 826 708; x_wconf 83' lang='lat' dir='ltr'><strong>loca,</strong></span> <span class='ocrx_word' id='word_1_99' title='bbox 856 672 1044 713; x_wconf 85' lang='lat' dir='ltr'><strong>tempora,</strong></span> <span class='ocrx_word' id='word_1_100' title='bbox 1063 659 1228 713; x_wconf 89' lang='lat' dir='ltr'><strong>denique</strong></span> <span class='ocrx_word' id='word_1_101' title='bbox 1248 672 1424 703; x_wconf 87' lang='lat' dir='ltr'><strong>naturam</strong></span> <span class='ocrx_word' id='word_1_102' title='bbox 1439 664 1573 716; x_wconf 88' lang='lat' dir='ltr'><strong>ipsam,</strong></span> 
     </span>
     <span class='ocr_line' id='line_1_12' title="bbox 67 715 1572 773; baseline 0.003 -18"><span class='ocrx_word' id='word_1_103' title='bbox 67 716 219 755; x_wconf 80' lang='lat' dir='ltr'><strong>caeteris</strong></span> <span class='ocrx_word' id='word_1_104' title='bbox 240 717 547 768; x_wconf 65' lang='lat' dir='ltr'><strong>imperitantem,</strong></span> <span class='ocrx_word' id='word_1_105' title='bbox 562 715 744 756; x_wconf 70' lang='lat' dir='ltr'><strong>industria</strong></span> <span class='ocrx_word' id='word_1_106' title='bbox 763 717 936 766; x_wconf 79' lang='lat' dir='ltr'><strong>vicerat3</strong></span> <span class='ocrx_word' id='word_1_107' title='bbox 968 730 1060 757; x_wconf 89' lang='lat' dir='ltr'><strong>cum</strong></span> <span class='ocrx_word' id='word_1_108' title='bbox 1080 717 1223 765; x_wconf 81' lang='lat' dir='ltr'><strong>liberis,</strong></span> <span class='ocrx_word' id='word_1_109' title='bbox 1245 718 1282 759; x_wconf 85' lang='lat'>&amp;</span> <span class='ocrx_word' id='word_1_110' title='bbox 1303 721 1446 772; x_wconf 68' lang='lat' dir='ltr'><strong>magna</strong></span> <span class='ocrx_word' id='word_1_111' title='bbox 1465 731 1572 773; x_wconf 88' lang='lat' dir='ltr'><strong>parte</strong></span> 
     </span>
     <span class='ocr_line' id='line_1_13' title="bbox 66 772 1573 826; baseline 0.004 -16"><span class='ocrx_word' id='word_1_112' title='bbox 66 773 243 825; x_wconf 64' lang='lat' dir='ltr'><strong>pecuniae</strong></span> <span class='ocrx_word' id='word_1_113' title='bbox 267 786 316 811; x_wconf 87' lang='lat' dir='ltr'><strong>ex</strong></span> <span class='ocrx_word' id='word_1_114' title='bbox 341 772 482 824; x_wconf 87' lang='lat' dir='ltr'><strong>oppido</strong></span> <span class='ocrx_word' id='word_1_115' title='bbox 503 772 623 812; x_wconf 69' lang='lat' dir='ltr'><strong>nocstu</strong></span> <span class='ocrx_word' id='word_1_116' title='bbox 649 773 848 826; x_wconf 84' lang='lat' dir='ltr'><strong>profugit:</strong></span> <span class='ocrx_word' id='word_1_117' title='bbox 880 787 1006 826; x_wconf 91' lang='lat' dir='ltr'><strong>neque</strong></span> <span class='ocrx_word' id='word_1_118' title='bbox 1039 772 1167 826; x_wconf 84' lang='lat' dir='ltr'><strong>postea</strong></span> <span class='ocrx_word' id='word_1_119' title='bbox 1194 773 1232 812; x_wconf 90' lang='lat' dir='ltr'><strong>in</strong></span> <span class='ocrx_word' id='word_1_120' title='bbox 1259 775 1340 815; x_wconf 87' lang='lat' dir='ltr'><strong>ullo</strong></span> <span class='ocrx_word' id='word_1_121' title='bbox 1366 775 1457 815; x_wconf 88' lang='lat' dir='ltr'><strong>loco</strong></span> <span class='ocrx_word' id='word_1_122' title='bbox 1486 790 1573 815; x_wconf 90' lang='lat' dir='ltr'><strong>arn-</strong></span> 
     </span>
     <span class='ocr_line' id='line_1_14' title="bbox 67 827 1575 886; baseline 0.002 -18"><span class='ocrx_word' id='word_1_123' title='bbox 67 827 171 882; x_wconf 73' lang='lat' dir='ltr'><strong>plius</strong></span> <span class='ocrx_word' id='word_1_124' title='bbox 200 830 280 868; x_wconf 71' lang='lat' dir='ltr'><strong>una</strong></span> <span class='ocrx_word' id='word_1_125' title='bbox 298 829 375 878; x_wconf 92' lang='lat' dir='ltr'><strong>die,</strong></span> <span class='ocrx_word' id='word_1_126' title='bbox 405 840 470 868; x_wconf 91' lang='lat' dir='ltr'><strong>aut</strong></span> <span class='ocrx_word' id='word_1_127' title='bbox 492 830 568 869; x_wconf 68' lang='lat' dir='ltr'><strong>una</strong></span> <span class='ocrx_word' id='word_1_128' title='bbox 597 830 712 870; x_wconf 56' lang='lat' dir='ltr'><strong>noete</strong></span> <span class='ocrx_word' id='word_1_129' title='bbox 736 839 906 870; x_wconf 84' lang='lat' dir='ltr'><strong>moratus</strong></span> <span class='ocrx_word' id='word_1_130' title='bbox 924 848 938 880; x_wconf 83' lang='lat'>3</span> <span class='ocrx_word' id='word_1_131' title='bbox 970 829 1171 870; x_wconf 73' lang='lat' dir='ltr'><strong>simulabat</strong></span> <span class='ocrx_word' id='word_1_132' title='bbox 1194 829 1264 870; x_wconf 88' lang='lat' dir='ltr'><strong>sese</strong></span> <span class='ocrx_word' id='word_1_133' title='bbox 1284 832 1428 885; x_wconf 85' lang='lat' dir='ltr'><strong>negotii</strong></span> <span class='ocrx_word' id='word_1_134' title='bbox 1451 833 1575 886; x_wconf 67' lang='lat' dir='ltr'><strong>gratia</strong></span> 
     </span>
     <span class='ocr_line' id='line_1_15' title="bbox 66 885 1574 940; baseline 0.004 -17"><span class='ocrx_word' id='word_1_135' title='bbox 66 898 298 939; x_wconf 87' lang='lat' dir='ltr'><strong>properare:</strong></span> <span class='ocrx_word' id='word_1_136' title='bbox 331 885 518 926; x_wconf 67' lang='lat' dir='ltr'><strong>caeterum</strong></span> <span class='ocrx_word' id='word_1_137' title='bbox 550 886 808 939; x_wconf 88' lang='lat' dir='ltr'><strong>proditionem</strong></span> <span class='ocrx_word' id='word_1_138' title='bbox 842 886 1017 935; x_wconf 88' lang='lat' dir='ltr'><strong>timebat,</strong></span> <span class='ocrx_word' id='word_1_139' title='bbox 1048 901 1165 940; x_wconf 87' lang='lat' dir='ltr'><strong>quam</strong></span> <span class='ocrx_word' id='word_1_140' title='bbox 1196 889 1313 928; x_wconf 84' lang='lat' dir='ltr'><strong>vitare</strong></span> <span class='ocrx_word' id='word_1_141' title='bbox 1345 886 1446 940; x_wconf 77' lang='lat' dir='ltr'><strong>poffe</strong></span> <span class='ocrx_word' id='word_1_142' title='bbox 1470 889 1574 929; x_wconf 88' lang='lat' dir='ltr'><strong>cele-</strong></span> 
     </span>
     <span class='ocr_line' id='line_1_16' title="bbox 65 939 1576 998; baseline 0.001 -15"><span class='ocrx_word' id='word_1_143' title='bbox 65 943 179 983; x_wconf 84' lang='lat' dir='ltr'><strong>ritate</strong></span> <span class='ocrx_word' id='word_1_144' title='bbox 211 942 380 994; x_wconf 84' lang='lat' dir='ltr'><strong>putabat.</strong></span> <span class='ocrx_word' id='word_1_145' title='bbox 438 939 547 981; x_wconf 90' lang='lat' dir='ltr'><strong>Nam</strong></span> <span class='ocrx_word' id='word_1_146' title='bbox 585 942 675 982; x_wconf 85' lang='lat' dir='ltr'><strong>talia</strong></span> <span class='ocrx_word' id='word_1_147' title='bbox 710 941 869 982; x_wconf 74' lang='lat' dir='ltr'><strong>consilia</strong></span> <span class='ocrx_word' id='word_1_148' title='bbox 896 957 962 996; x_wconf 92' lang='lat' dir='ltr'><strong>per</strong></span> <span class='ocrx_word' id='word_1_149' title='bbox 989 943 1115 984; x_wconf 88' lang='lat' dir='ltr'><strong>otium</strong></span> <span class='ocrx_word' id='word_1_150' title='bbox 1147 943 1185 984; x_wconf 85' lang='lat'>&amp;</span> <span class='ocrx_word' id='word_1_151' title='bbox 1212 958 1260 985; x_wconf 84' lang='lat' dir='ltr'><strong>ex</strong></span> <span class='ocrx_word' id='word_1_152' title='bbox 1289 945 1576 998; x_wconf 84' lang='lat' dir='ltr'><strong>opportunitate</strong></span> 
     </span>
     <span class='ocr_line' id='line_1_17' title="bbox 66 997 1574 1055; baseline 0.003 -19"><span class='ocrx_word' id='word_1_153' title='bbox 66 1001 83 1020; x_wconf 78' lang='lat'><strong>³</strong></span> <span class='ocrx_word' id='word_1_154' title='bbox 115 997 216 1049; x_wconf 83' lang='lat' dir='ltr'><strong>capi.</strong></span> <span class='ocrx_word' id='word_1_155' title='bbox 267 1001 324 1039; x_wconf 89' lang='lat' dir='ltr'><strong>At</strong></span> <span class='ocrx_word' id='word_1_156' title='bbox 346 998 533 1038; x_wconf 81' lang='lat' dir='ltr'><strong>Metellus</strong></span> <span class='ocrx_word' id='word_1_157' title='bbox 555 999 618 1038; x_wconf 88' lang='lat' dir='ltr'><strong>ubi</strong></span> <span class='ocrx_word' id='word_1_158' title='bbox 640 998 859 1052; x_wconf 79' lang='lat' dir='ltr'><strong>oppidanos</strong></span> <span class='ocrx_word' id='word_1_159' title='bbox 878 1000 1020 1053; x_wconf 86' lang='lat' dir='ltr'><strong>proelio</strong></span> <span class='ocrx_word' id='word_1_160' title='bbox 1040 1000 1223 1051; x_wconf 86' lang='lat' dir='ltr'><strong>intentos,</strong></span> <span class='ocrx_word' id='word_1_161' title='bbox 1253 1000 1363 1042; x_wconf 86' lang='lat' dir='ltr'><strong>fimul</strong></span> <span class='ocrx_word' id='word_1_162' title='bbox 1384 1002 1574 1055; x_wconf 91' lang='lat' dir='ltr'><strong>oppidum</strong></span> 
     </span>
     <span class='ocr_line' id='line_1_18' title="bbox 65 1053 1572 1110; baseline 0.003 -16"><span class='ocrx_word' id='word_1_163' title='bbox 65 1053 106 1094; x_wconf 73' lang='grc' dir='ltr'>ἃ</span> <span class='ocrx_word' id='word_1_164' title='bbox 134 1054 329 1106; x_wconf 82' lang='lat' dir='ltr'><strong>operibus,</strong></span> <span class='ocrx_word' id='word_1_165' title='bbox 360 1056 398 1096; x_wconf 73' lang='grc' dir='ltr'><strong>δι</strong></span> <span class='ocrx_word' id='word_1_166' title='bbox 428 1055 518 1095; x_wconf 91' lang='lat' dir='ltr'><strong>loco</strong></span> <span class='ocrx_word' id='word_1_167' title='bbox 544 1056 739 1096; x_wconf 87' lang='lat' dir='ltr'><strong>munitum</strong></span> <span class='ocrx_word' id='word_1_168' title='bbox 759 1055 878 1105; x_wconf 86' lang='lat' dir='ltr'><strong>videt,</strong></span> <span class='ocrx_word' id='word_1_169' title='bbox 907 1056 1009 1096; x_wconf 92' lang='lat' dir='ltr'><strong>vallo</strong></span> <span class='ocrx_word' id='word_1_170' title='bbox 1032 1055 1204 1110; x_wconf 71' lang='lat' dir='ltr'><strong>foss&#39;aque</strong></span> <span class='ocrx_word' id='word_1_171' title='bbox 1221 1059 1369 1098; x_wconf 77' lang='lat' dir='ltr'><strong>moenia</strong></span> <span class='ocrx_word' id='word_1_172' title='bbox 1398 1061 1572 1099; x_wconf 83' lang='lat' dir='ltr'><strong>circum-</strong></span> 
     </span>
     <span class='ocr_line' id='line_1_19' title="bbox 64 1109 1571 1168; baseline 0.003 -18"><span class='ocrx_word' id='word_1_173' title='bbox 64 1112 184 1150; x_wconf 88' lang='lat' dir='ltr'><strong>venit.</strong></span> <span class='ocrx_word' id='word_1_174' title='bbox 243 1109 350 1151; x_wconf 88' lang='lat' dir='ltr'><strong>Dein</strong></span> <span class='ocrx_word' id='word_1_175' title='bbox 365 1111 477 1166; x_wconf 87' lang='lat' dir='ltr'><strong>jubet</strong></span> <span class='ocrx_word' id='word_1_176' title='bbox 505 1111 602 1152; x_wconf 92' lang='lat' dir='ltr'><strong>locis</strong></span> <span class='ocrx_word' id='word_1_177' title='bbox 632 1114 650 1131; x_wconf 86' lang='lat'><em>²</em></span> <span class='ocrx_word' id='word_1_178' title='bbox 668 1126 716 1150; x_wconf 87' lang='lat' dir='ltr'><strong>ex</strong></span> <span class='ocrx_word' id='word_1_179' title='bbox 742 1113 856 1164; x_wconf 68' lang='lat' dir='ltr'><strong>copia</strong></span> <span class='ocrx_word' id='word_1_180' title='bbox 875 1113 1056 1152; x_wconf 77' lang='lat' dir='ltr'><strong>maxume</strong></span> <span class='ocrx_word' id='word_1_181' title='bbox 1075 1114 1223 1155; x_wconf 84' lang='lat' dir='ltr'><strong>idoneis</strong></span> <span class='ocrx_word' id='word_1_182' title='bbox 1245 1115 1375 1154; x_wconf 87' lang='lat' dir='ltr'><strong>vineas</strong></span> <span class='ocrx_word' id='word_1_183' title='bbox 1405 1122 1418 1138; x_wconf 54' lang='grc' dir='ltr'>Ε</span> <span class='ocrx_word' id='word_1_184' title='bbox 1441 1129 1571 1168; x_wconf 86' lang='lat' dir='ltr'><strong>agere,</strong></span> 
     </span>
     <span class='ocr_line' id='line_1_20' title="bbox 64 1167 1569 1223; baseline 0.003 -18"><span class='ocrx_word' id='word_1_185' title='bbox 64 1167 83 1190; x_wconf 79' lang='lat'><strong>‘¹</strong></span> <span class='ocrx_word' id='word_1_186' title='bbox 103 1167 285 1220; x_wconf 79' lang='lat' dir='ltr'><strong>superque</strong></span> <span class='ocrx_word' id='word_1_187' title='bbox 304 1181 367 1206; x_wconf 84' lang='lat' dir='ltr'><strong>eas</strong></span> <span class='ocrx_word' id='word_1_188' title='bbox 387 1181 569 1221; x_wconf 86' lang='lat' dir='ltr'><strong>aggerem</strong></span> <span class='ocrx_word' id='word_1_189' title='bbox 592 1169 724 1223; x_wconf 89' lang='lat' dir='ltr'><strong>jacere</strong></span> <span class='ocrx_word' id='word_1_190' title='bbox 739 1183 753 1216; x_wconf 92' lang='lat'>;</span> <span class='ocrx_word' id='word_1_191' title='bbox 789 1169 827 1208; x_wconf 89' lang='lat'>&amp;</span> <span class='ocrx_word' id='word_1_192' title='bbox 856 1173 872 1192; x_wconf 53' lang='grc' dir='ltr'><strong><em>Ε</em></strong></span> <span class='ocrx_word' id='word_1_193' title='bbox 891 1169 1000 1221; x_wconf 88' lang='lat' dir='ltr'><strong>super</strong></span> <span class='ocrx_word' id='word_1_194' title='bbox 1031 1183 1213 1223; x_wconf 81' lang='lat' dir='ltr'><strong>aggerem</strong></span> <span class='ocrx_word' id='word_1_195' title='bbox 1241 1170 1424 1222; x_wconf 79' lang='lat' dir='ltr'><strong>impofitis</strong></span> <span class='ocrx_word' id='word_1_196' title='bbox 1450 1173 1569 1211; x_wconf 87' lang='lat' dir='ltr'><strong>turri-</strong></span> 
     </span>
     <span class='ocr_line' id='line_1_21' title="bbox 65 1223 1572 1280; baseline 0.002 -16"><span class='ocrx_word' id='word_1_197' title='bbox 65 1224 141 1264; x_wconf 90' lang='lat' dir='ltr'><strong>bus</strong></span> <span class='ocrx_word' id='word_1_198' title='bbox 170 1237 268 1276; x_wconf 89' lang='lat' dir='ltr'><strong>opus</strong></span> <span class='ocrx_word' id='word_1_199' title='bbox 299 1223 544 1264; x_wconf 83' lang='lat' dir='ltr'><strong>administros</strong></span> <span class='ocrx_word' id='word_1_200' title='bbox 578 1225 709 1264; x_wconf 87' lang='lat' dir='ltr'><strong>tutari.</strong></span> <span class='ocrx_word' id='word_1_201' title='bbox 770 1223 922 1265; x_wconf 87' lang='lat' dir='ltr'><strong>Contra</strong></span> <span class='ocrx_word' id='word_1_202' title='bbox 955 1227 1040 1266; x_wconf 85' lang='lat' dir='ltr'><strong>haec</strong></span> <span class='ocrx_word' id='word_1_203' title='bbox 1070 1227 1248 1279; x_wconf 86' lang='lat' dir='ltr'><strong>oppidani</strong></span> <span class='ocrx_word' id='word_1_204' title='bbox 1282 1227 1470 1277; x_wconf 85' lang='lat' dir='ltr'><strong>festinare,</strong></span> <span class='ocrx_word' id='word_1_205' title='bbox 1502 1242 1572 1280; x_wconf 88' lang='lat' dir='ltr'><strong>pa-</strong></span> 
     </span>
     <span class='ocr_line' id='line_1_22' title="bbox 65 1280 1571 1337; baseline 0.003 -17"><span class='ocrx_word' id='word_1_206' title='bbox 65 1294 184 1328; x_wconf 78' lang='lat' dir='ltr'><strong>rare3</strong></span> <span class='ocrx_word' id='word_1_207' title='bbox 215 1280 364 1331; x_wconf 82' lang='lat' dir='ltr'><strong>prorsus</strong></span> <span class='ocrx_word' id='word_1_208' title='bbox 397 1282 445 1320; x_wconf 88' lang='lat' dir='ltr'><strong>ab</strong></span> <span class='ocrx_word' id='word_1_209' title='bbox 476 1280 644 1334; x_wconf 81' lang='lat' dir='ltr'><strong>utrisque</strong></span> <span class='ocrx_word' id='word_1_210' title='bbox 678 1280 773 1322; x_wconf 87' lang='lat' dir='ltr'><strong>nihil</strong></span> <span class='ocrx_word' id='word_1_211' title='bbox 803 1281 995 1334; x_wconf 86' lang='lat' dir='ltr'><strong>reliquum</strong></span> <span class='ocrx_word' id='word_1_212' title='bbox 1017 1281 1113 1322; x_wconf 85' lang='lat' dir='ltr'><strong>fieri.</strong></span> <span class='ocrx_word' id='word_1_213' title='bbox 1172 1282 1357 1337; x_wconf 89' lang='lat' dir='ltr'><strong>Denique</strong></span> <span class='ocrx_word' id='word_1_214' title='bbox 1383 1284 1571 1335; x_wconf 88' lang='lat' dir='ltr'><strong>Romani,</strong></span> 
     </span>
     <span class='ocr_line' id='line_1_23' title="bbox 65 1336 1573 1394; baseline 0.004 -18"><span class='ocrx_word' id='word_1_215' title='bbox 65 1336 192 1376; x_wconf 85' lang='lat' dir='ltr'><strong>multo</strong></span> <span class='ocrx_word' id='word_1_216' title='bbox 226 1346 313 1375; x_wconf 86' lang='lat' dir='ltr'><strong>ante</strong></span> <span class='ocrx_word' id='word_1_217' title='bbox 332 1336 462 1378; x_wconf 83' lang='lat' dir='ltr'><strong>labore</strong></span> <span class='ocrx_word' id='word_1_218' title='bbox 491 1337 710 1391; x_wconf 86' lang='lat' dir='ltr'><strong>proeliisque</strong></span> <span class='ocrx_word' id='word_1_219' title='bbox 743 1338 909 1391; x_wconf 78' lang='lat' dir='ltr'><strong>fatigati,</strong></span> <span class='ocrx_word' id='word_1_220' title='bbox 941 1338 1024 1391; x_wconf 85' lang='lat' dir='ltr'><strong>post</strong></span> <span class='ocrx_word' id='word_1_221' title='bbox 1045 1337 1124 1378; x_wconf 79' lang='lat' dir='ltr'><strong>dies</strong></span> <span class='ocrx_word' id='word_1_222' title='bbox 1153 1339 1425 1393; x_wconf 80' lang='lat' dir='ltr'><strong>quadraginta,</strong></span> <span class='ocrx_word' id='word_1_223' title='bbox 1454 1341 1573 1394; x_wconf 69' lang='lat' dir='ltr'><strong>quam</strong></span> 
     </span>
     <span class='ocr_line' id='line_1_24' title="bbox 65 1393 1573 1450; baseline 0.004 -19"><span class='ocrx_word' id='word_1_224' title='bbox 65 1393 116 1432; x_wconf 72' lang='grc' dir='ltr'><strong>εἰ)</strong></span> <span class='ocrx_word' id='word_1_225' title='bbox 144 1402 302 1432; x_wconf 86' lang='lat' dir='ltr'><strong>ventum</strong></span> <span class='ocrx_word' id='word_1_226' title='bbox 332 1404 427 1441; x_wconf 83' lang='lat' dir='ltr'><strong>erat,</strong></span> <span class='ocrx_word' id='word_1_227' title='bbox 457 1395 601 1445; x_wconf 87' lang='lat' dir='ltr'><strong>oppido</strong></span> <span class='ocrx_word' id='word_1_228' title='bbox 625 1394 744 1435; x_wconf 78' lang='lat' dir='ltr'><strong>modo</strong></span> <span class='ocrx_word' id='word_1_229' title='bbox 765 1396 875 1446; x_wconf 88' lang='lat' dir='ltr'><strong>potiti</strong></span> <span class='ocrx_word' id='word_1_230' title='bbox 896 1409 905 1435; x_wconf 75' lang='grc' dir='ltr'><strong><em>ε</em></strong></span> <span class='ocrx_word' id='word_1_231' title='bbox 938 1395 1067 1447; x_wconf 83' lang='lat' dir='ltr'><strong>praeda</strong></span> <span class='ocrx_word' id='word_1_232' title='bbox 1086 1397 1216 1436; x_wconf 86' lang='lat' dir='ltr'><strong>omnis</strong></span> <span class='ocrx_word' id='word_1_233' title='bbox 1245 1396 1267 1436; x_wconf 77' lang='grc' dir='ltr'>ὲ</span> <span class='ocrx_word' id='word_1_234' title='bbox 1289 1397 1461 1450; x_wconf 83' lang='lat' dir='ltr'><strong>perfugis</strong></span> <span class='ocrx_word' id='word_1_235' title='bbox 1483 1410 1573 1437; x_wconf 90' lang='lat' dir='ltr'><strong>cor-</strong></span> 
     </span>
     <span class='ocr_line' id='line_1_25' title="bbox 65 1448 1573 1506; baseline 0.003 -17"><span class='ocrx_word' id='word_1_236' title='bbox 65 1458 194 1501; x_wconf 87' lang='lat' dir='ltr'><strong>rupta.</strong></span> <span class='ocrx_word' id='word_1_237' title='bbox 256 1448 309 1488; x_wconf 85' lang='lat' dir='ltr'><strong>Hi</strong></span> <span class='ocrx_word' id='word_1_238' title='bbox 338 1449 539 1503; x_wconf 86' lang='lat' dir='ltr'><strong>postquam</strong></span> <span class='ocrx_word' id='word_1_239' title='bbox 562 1465 720 1490; x_wconf 88' lang='lat' dir='ltr'><strong>murum</strong></span> <span class='ocrx_word' id='word_1_240' title='bbox 760 1451 772 1473; x_wconf 75' lang='lat' dir='ltr'>f</span> <span class='ocrx_word' id='word_1_241' title='bbox 798 1451 979 1491; x_wconf 85' lang='lat' dir='ltr'><strong>arietibus</strong></span> <span class='ocrx_word' id='word_1_242' title='bbox 1010 1452 1113 1501; x_wconf 84' lang='lat' dir='ltr'><strong>ferri,</strong></span> <span class='ocrx_word' id='word_1_243' title='bbox 1144 1452 1276 1506; x_wconf 89' lang='lat' dir='ltr'><strong>resque</strong></span> <span class='ocrx_word' id='word_1_244' title='bbox 1295 1453 1380 1494; x_wconf 87' lang='lat' dir='ltr'><strong>suas</strong></span> <span class='ocrx_word' id='word_1_245' title='bbox 1410 1453 1573 1493; x_wconf 64' lang='lat' dir='ltr'><strong>affiifflas</strong></span> 
     </span>
     <span class='ocr_line' id='line_1_26' title="bbox 63 1505 1573 1561; baseline 0.003 -15"><span class='ocrx_word' id='word_1_246' title='bbox 63 1505 227 1554; x_wconf 87' lang='lat' dir='ltr'><strong>vident;</strong></span> <span class='ocrx_word' id='word_1_247' title='bbox 258 1519 411 1555; x_wconf 86' lang='lat' dir='ltr'><strong>aurum,</strong></span> <span class='ocrx_word' id='word_1_248' title='bbox 441 1516 722 1559; x_wconf 84' lang='lat' dir='ltr'><strong>agentumque,</strong></span> <span class='ocrx_word' id='word_1_249' title='bbox 743 1508 780 1547; x_wconf 84' lang='lat'>&amp;</span> <span class='ocrx_word' id='word_1_250' title='bbox 800 1507 889 1556; x_wconf 87' lang='lat' dir='ltr'><strong>alia,</strong></span> <span class='ocrx_word' id='word_1_251' title='bbox 912 1523 1001 1561; x_wconf 89' lang='lat' dir='ltr'><strong>quae</strong></span> <span class='ocrx_word' id='word_1_252' title='bbox 1023 1509 1146 1560; x_wconf 86' lang='lat' dir='ltr'><strong>prima</strong></span> <span class='ocrx_word' id='word_1_253' title='bbox 1165 1509 1372 1557; x_wconf 85' lang='lat' dir='ltr'><strong>ducuntur,</strong></span> <span class='ocrx_word' id='word_1_254' title='bbox 1393 1510 1573 1560; x_wconf 87' lang='lat' dir='ltr'><strong>domum,</strong></span> 
     </span>
     <span class='ocr_line' id='line_1_27' title="bbox 63 1563 1574 1618; baseline 0.003 -17"><span class='ocrx_word' id='word_1_255' title='bbox 63 1563 212 1615; x_wconf 86' lang='lat' dir='ltr'><strong>regiam</strong></span> <span class='ocrx_word' id='word_1_256' title='bbox 235 1573 504 1614; x_wconf 85' lang='lat' dir='ltr'><strong>comportant:</strong></span> <span class='ocrx_word' id='word_1_257' title='bbox 536 1563 588 1602; x_wconf 80' lang='lat' dir='ltr'><strong>ibi</strong></span> <span class='ocrx_word' id='word_1_258' title='bbox 618 1565 711 1603; x_wconf 90' lang='lat' dir='ltr'><strong>vino</strong></span> <span class='ocrx_word' id='word_1_259' title='bbox 734 1564 772 1603; x_wconf 70' lang='grc' dir='ltr'><strong>ὅτ,</strong></span> <span class='ocrx_word' id='word_1_260' title='bbox 792 1564 914 1615; x_wconf 84' lang='lat' dir='ltr'><strong>epulis</strong></span> <span class='ocrx_word' id='word_1_261' title='bbox 945 1566 1112 1614; x_wconf 86' lang='lat' dir='ltr'><strong>onerati,</strong></span> <span class='ocrx_word' id='word_1_262' title='bbox 1143 1565 1297 1618; x_wconf 85' lang='lat' dir='ltr'><strong>illaque,</strong></span> <span class='ocrx_word' id='word_1_263' title='bbox 1326 1566 1364 1605; x_wconf 76' lang='grc' dir='ltr'><strong>δι</strong></span> <span class='ocrx_word' id='word_1_264' title='bbox 1390 1566 1574 1616; x_wconf 87' lang='lat' dir='ltr'><strong>domum,</strong></span> 
     </span>
     <span class='ocr_line' id='line_1_28' title="bbox 63 1618 1569 1674; baseline 0.003 -17"><span class='ocrx_word' id='word_1_265' title='bbox 63 1618 104 1657; x_wconf 87' lang='lat'>&amp;</span> <span class='ocrx_word' id='word_1_266' title='bbox 128 1619 244 1658; x_wconf 86' lang='lat' dir='ltr'><strong>semet</strong></span> <span class='ocrx_word' id='word_1_267' title='bbox 269 1618 349 1672; x_wconf 84' lang='lat' dir='ltr'><strong>igni</strong></span> <span class='ocrx_word' id='word_1_268' title='bbox 378 1629 664 1672; x_wconf 80' lang='lat' dir='ltr'><strong>corrumpunt3</strong></span> <span class='ocrx_word' id='word_1_269' title='bbox 696 1620 734 1660; x_wconf 89' lang='lat'>&amp;</span> <span class='ocrx_word' id='word_1_270' title='bbox 762 1635 860 1674; x_wconf 79' lang='lat' dir='ltr'><strong>quas</strong></span> <span class='ocrx_word' id='word_1_271' title='bbox 890 1620 981 1662; x_wconf 57' lang='lat' dir='ltr'><strong>vieti</strong></span> <span class='ocrx_word' id='word_1_272' title='bbox 1003 1621 1050 1660; x_wconf 88' lang='lat' dir='ltr'><strong>ab</strong></span> <span class='ocrx_word' id='word_1_273' title='bbox 1075 1621 1246 1661; x_wconf 81' lang='lat' dir='ltr'><strong>hostibus</strong></span> <span class='ocrx_word' id='word_1_274' title='bbox 1272 1635 1410 1674; x_wconf 84' lang='lat' dir='ltr'><strong>poenas</strong></span> <span class='ocrx_word' id='word_1_275' title='bbox 1436 1632 1569 1661; x_wconf 89' lang='lat' dir='ltr'><strong>metu-</strong></span> 
     </span>
     <span class='ocr_line' id='line_1_29' title="bbox 62 1673 1571 1730; baseline 0.003 -16"><span class='ocrx_word' id='word_1_276' title='bbox 62 1684 188 1723; x_wconf 83' lang='lat' dir='ltr'><strong>erant,</strong></span> <span class='ocrx_word' id='word_1_277' title='bbox 217 1687 280 1717; x_wconf 84' lang='lat' dir='ltr'><strong>eas</strong></span> <span class='ocrx_word' id='word_1_278' title='bbox 312 1673 377 1726; x_wconf 76' lang='lat' dir='ltr'><strong>ipsi</strong></span> <span class='ocrx_word' id='word_1_279' title='bbox 409 1675 580 1715; x_wconf 84' lang='lat' dir='ltr'><strong>volentes</strong></span> <span class='ocrx_word' id='word_1_280' title='bbox 613 1678 842 1729; x_wconf 72' lang='lat' dir='ltr'><strong>pependere.</strong></span> <span class='ocrx_word' id='word_1_281' title='bbox 902 1676 976 1717; x_wconf 90' lang='lat' dir='ltr'><strong>Sed</strong></span> <span class='ocrx_word' id='word_1_282' title='bbox 1005 1679 1145 1730; x_wconf 84' lang='lat' dir='ltr'><strong>pariter</strong></span> <span class='ocrx_word' id='word_1_283' title='bbox 1180 1692 1270 1718; x_wconf 90' lang='lat' dir='ltr'><strong>cum</strong></span> <span class='ocrx_word' id='word_1_284' title='bbox 1294 1681 1408 1730; x_wconf 76' lang='lat' dir='ltr'><strong>capta</strong></span> <span class='ocrx_word' id='word_1_285' title='bbox 1437 1677 1571 1718; x_wconf 69' lang='lat' dir='ltr'><strong>Thala</strong></span> 
     </span>
     <span class='ocr_line' id='line_1_30' title="bbox 61 1731 1572 1789; baseline 0.003 -18"><span class='ocrx_word' id='word_1_286' title='bbox 61 1731 191 1785; x_wconf 85' lang='lat' dir='ltr'><strong>legati,</strong></span> <span class='ocrx_word' id='word_1_287' title='bbox 219 1744 270 1773; x_wconf 81' lang='lat' dir='ltr'><strong>ex</strong></span> <span class='ocrx_word' id='word_1_288' title='bbox 300 1731 441 1784; x_wconf 90' lang='lat' dir='ltr'><strong>oppido</strong></span> <span class='ocrx_word' id='word_1_289' title='bbox 461 1733 592 1785; x_wconf 87' lang='lat' dir='ltr'><strong>Lepti,</strong></span> <span class='ocrx_word' id='word_1_290' title='bbox 622 1732 669 1773; x_wconf 89' lang='lat' dir='ltr'><strong>ad</strong></span> <span class='ocrx_word' id='word_1_291' title='bbox 691 1731 901 1774; x_wconf 86' lang='lat' dir='ltr'><strong>Metellum</strong></span> <span class='ocrx_word' id='word_1_292' title='bbox 933 1743 1147 1784; x_wconf 83' lang='lat' dir='ltr'><strong>venerant3</strong></span> <span class='ocrx_word' id='word_1_293' title='bbox 1177 1744 1333 1776; x_wconf 81' lang='lat' dir='ltr'><strong>orantes</strong></span> <span class='ocrx_word' id='word_1_294' title='bbox 1363 1733 1419 1777; x_wconf 83' lang='lat' dir='ltr'><strong>uti</strong></span> <span class='ocrx_word' id='word_1_295' title='bbox 1440 1733 1572 1789; x_wconf 77' lang='lat' dir='ltr'><strong>praesr-</strong></span> 
     </span>
    </p>
   </div>
   <div class='ocr_carea' id='block_1_3' title="bbox 537 1857 1088 1891">
    <p class='ocr_par' dir='ltr' id='par_1_3' title="bbox 537 1857 1088 1891">
     <span class='ocr_line' id='line_1_31' title="bbox 537 1857 1088 1891; baseline 0.009 -5"><span class='ocrx_word' id='word_1_296' title='bbox 537 1857 1088 1891; x_wconf 75' lang='lat' dir='ltr'>INTERPRETATIO.</span> 
     </span>
    </p>
   </div>
   <div class='ocr_carea' id='block_1_4' title="bbox 60 1927 1572 2096">
    <p class='ocr_par' dir='ltr' id='par_1_4' title="bbox 60 1927 1572 2096">
     <span class='ocr_line' id='line_1_32' title="bbox 116 1927 1572 1985; baseline 0.001 -16"><span class='ocrx_word' id='word_1_297' title='bbox 116 1932 130 1952; x_wconf 87' lang='lat'><em>¹</em></span> <span class='ocrx_word' id='word_1_298' title='bbox 161 1928 267 1970; x_wconf 80' lang='lat' dir='ltr'><strong>Nam</strong></span> <span class='ocrx_word' id='word_1_299' title='bbox 293 1927 491 1982; x_wconf 86' lang='lat' dir='ltr'><strong>Jugurtha</strong></span> <span class='ocrx_word' id='word_1_300' title='bbox 526 1927 665 1969; x_wconf 88' lang='lat' dir='ltr'><strong>sciebat</strong></span> <span class='ocrx_word' id='word_1_301' title='bbox 695 1928 788 1969; x_wconf 72' lang='lat' dir='ltr'><strong>talia</strong></span> <span class='ocrx_word' id='word_1_302' title='bbox 899 1931 915 1949; x_wconf 79' lang='lat'>²</span> <span class='ocrx_word' id='word_1_303' title='bbox 946 1930 1092 1971; x_wconf 82' lang='lat' dir='ltr'><strong>Deinde</strong></span> <span class='ocrx_word' id='word_1_304' title='bbox 1120 1931 1226 1984; x_wconf 75' lang='lat' dir='ltr'><strong>jubet</strong></span> <span class='ocrx_word' id='word_1_305' title='bbox 1264 1930 1394 1971; x_wconf 81' lang='lat' dir='ltr'><strong>vineas</strong></span> <span class='ocrx_word' id='word_1_306' title='bbox 1427 1940 1572 1985; x_wconf 80' lang='lat' dir='ltr'><strong>promo-</strong></span> 
     </span>
     <span class='ocr_line' id='line_1_33' title="bbox 60 1983 1572 2041; baseline 0.001 -15"><span class='ocrx_word' id='word_1_307' title='bbox 60 1984 202 2040; x_wconf 75' lang='lat' dir='ltr'><strong>corfilia</strong></span> <span class='ocrx_word' id='word_1_308' title='bbox 220 1985 303 2040; x_wconf 82' lang='lat' dir='ltr'><strong>capi</strong></span> <span class='ocrx_word' id='word_1_309' title='bbox 315 1995 387 2040; x_wconf 85' lang='lat' dir='ltr'><strong>per</strong></span> <span class='ocrx_word' id='word_1_310' title='bbox 406 1983 515 2024; x_wconf 84' lang='lat' dir='ltr'><strong>otium</strong></span> <span class='ocrx_word' id='word_1_311' title='bbox 536 1985 579 2024; x_wconf 71' lang='lat'><strong>{5</strong></span> <span class='ocrx_word' id='word_1_312' title='bbox 601 2000 644 2026; x_wconf 84' lang='lat' dir='ltr'><strong>ex</strong></span> <span class='ocrx_word' id='word_1_313' title='bbox 660 1995 786 2041; x_wconf 80' lang='lat' dir='ltr'><strong>oppor-</strong></span> <span class='ocrx_word' id='word_1_314' title='bbox 840 1985 929 2026; x_wconf 80' lang='lat' dir='ltr'><strong>veri</strong></span> <span class='ocrx_word' id='word_1_315' title='bbox 974 1988 1012 2026; x_wconf 89' lang='lat' dir='ltr'><strong>in</strong></span> <span class='ocrx_word' id='word_1_316' title='bbox 1047 1987 1128 2028; x_wconf 74' lang='lat' dir='ltr'><strong>locis</strong></span> <span class='ocrx_word' id='word_1_317' title='bbox 1167 1987 1320 2028; x_wconf 58' lang='lat' dir='ltr'><strong>maxim&amp;</strong></span> <span class='ocrx_word' id='word_1_318' title='bbox 1357 1987 1489 2029; x_wconf 82' lang='lat' dir='ltr'><strong>idoneis</strong></span> <span class='ocrx_word' id='word_1_319' title='bbox 1526 2003 1572 2028; x_wconf 80' lang='lat' dir='ltr'><strong>ex</strong></span> 
     </span>
     <span class='ocr_line' id='line_1_34' title="bbox 61 2041 952 2096; baseline 0.001 -14"><span class='ocrx_word' id='word_1_320' title='bbox 61 2041 234 2083; x_wconf 78' lang='lat' dir='ltr'><strong>tunitate.</strong></span> <span class='ocrx_word' id='word_1_321' title='bbox 840 2041 952 2096; x_wconf 62' lang='lat' dir='ltr'><strong>copiti.</strong></span> 
     </span>
    </p>
   </div>
   <div class='ocr_carea' id='block_1_5' title="bbox 717 2167 918 2196">
    <p class='ocr_par' dir='ltr' id='par_1_5' title="bbox 717 2167 918 2196">
     <span class='ocr_line' id='line_1_35' title="bbox 717 2167 918 2196; baseline -0.005 0"><span class='ocrx_word' id='word_1_322' title='bbox 717 2167 918 2196; x_wconf 73' lang='lat' dir='ltr'><strong>No&#39;rAE.</strong></span> 
     </span>
    </p>
   </div>
   <div class='ocr_carea' id='block_1_6' title="bbox 61 2241 1573 2367">
    <p class='ocr_par' dir='ltr' id='par_1_6' title="bbox 61 2241 1573 2367">
     <span class='ocr_line' id='line_1_36' title="bbox 103 2241 1570 2285; baseline -0.001 -11"><span class='ocrx_word' id='word_1_323' title='bbox 103 2246 121 2265; x_wconf 79' lang='lat'>²</span> <span class='ocrx_word' id='word_1_324' title='bbox 144 2241 353 2284; x_wconf 64' lang='lat' dir='ltr'><strong>Intenderant]</strong></span> <span class='ocrx_word' id='word_1_325' title='bbox 386 2241 427 2272; x_wconf 62' lang='lat'><strong>111</strong></span> <span class='ocrx_word' id='word_1_326' title='bbox 449 2253 481 2272; x_wconf 83' lang='lat' dir='ltr'><strong>en</strong></span> <span class='ocrx_word' id='word_1_327' title='bbox 505 2243 617 2272; x_wconf 80' lang='lat' dir='ltr'><strong>avoient</strong></span> <span class='ocrx_word' id='word_1_328' title='bbox 637 2242 704 2283; x_wconf 80' lang='lat' dir='ltr'><strong>fait</strong></span> <span class='ocrx_word' id='word_1_329' title='bbox 728 2243 793 2282; x_wconf 76' lang='lat' dir='ltr'><strong>plus</strong></span> <span class='ocrx_word' id='word_1_330' title='bbox 886 2241 903 2265; x_wconf 70' lang='grc' dir='ltr'><strong>(ἱ</strong></span> <span class='ocrx_word' id='word_1_331' title='bbox 919 2241 1092 2285; x_wconf 56' lang='lat' dir='ltr'><strong>Superque]</strong></span> <span class='ocrx_word' id='word_1_332' title='bbox 1127 2244 1184 2273; x_wconf 84' lang='lat' dir='ltr'><strong>Pro</strong></span> <span class='ocrx_word' id='word_1_333' title='bbox 1200 2243 1277 2274; x_wconf 78' lang='lat' dir='ltr'><strong>ultra</strong></span> <span class='ocrx_word' id='word_1_334' title='bbox 1290 2244 1411 2282; x_wconf 77' lang='lat' dir='ltr'><strong>positum</strong></span> <span class='ocrx_word' id='word_1_335' title='bbox 1426 2243 1545 2274; x_wconf 78' lang='lat' dir='ltr'><strong>arbitror</strong></span> <span class='ocrx_word' id='word_1_336' title='bbox 1560 2253 1570 2273; x_wconf 76' lang='lat'><strong>⁰.</strong></span> 
     </span>
     <span class='ocr_line' id='line_1_37' title="bbox 61 2283 1573 2326; baseline 0 -12"><span class='ocrx_word' id='word_1_337' title='bbox 61 2286 143 2326; x_wconf 82' lang='lat' dir='ltr'><em>qu‘on</em></span> <span class='ocrx_word' id='word_1_338' title='bbox 159 2283 193 2314; x_wconf 78' lang='lat' dir='ltr'><strong>de</strong></span> <span class='ocrx_word' id='word_1_339' title='bbox 209 2285 269 2314; x_wconf 73' lang='lat' dir='ltr'><strong>leur</strong></span> <span class='ocrx_word' id='word_1_340' title='bbox 285 2296 316 2314; x_wconf 85' lang='lat' dir='ltr'><strong>en</strong></span> <span class='ocrx_word' id='word_1_341' title='bbox 332 2286 414 2315; x_wconf 68' lang='lat' dir='ltr'><strong>avait</strong></span> <span class='ocrx_word' id='word_1_342' title='bbox 436 2284 574 2315; x_wconf 49' lang='lat' dir='ltr'><strong>demandet</strong></span> <span class='ocrx_word' id='word_1_343' title='bbox 622 2285 712 2321; x_wconf 80' lang='lat' dir='ltr'><strong>Supra</strong></span> <span class='ocrx_word' id='word_1_344' title='bbox 728 2295 792 2314; x_wconf 75' lang='lat' dir='ltr'><strong>mo·</strong></span> <span class='ocrx_word' id='word_1_345' title='bbox 846 2284 884 2314; x_wconf 80' lang='lat' dir='ltr'><strong>ita</strong></span> <span class='ocrx_word' id='word_1_346' title='bbox 908 2293 940 2314; x_wconf 84' lang='lat' dir='ltr'><strong>ut</strong></span> <span class='ocrx_word' id='word_1_347' title='bbox 964 2296 1037 2324; x_wconf 73' lang='lat' dir='ltr'><strong>pone</strong></span> <span class='ocrx_word' id='word_1_348' title='bbox 1053 2287 1151 2315; x_wconf 73' lang='lat' dir='ltr'><strong>vineas</strong></span> <span class='ocrx_word' id='word_1_349' title='bbox 1174 2287 1294 2315; x_wconf 75' lang='lat' dir='ltr'><strong>latentes</strong></span> <span class='ocrx_word' id='word_1_350' title='bbox 1319 2287 1487 2322; x_wconf 78' lang='lat' dir='ltr'><strong>administri,</strong></span> <span class='ocrx_word' id='word_1_351' title='bbox 1512 2294 1573 2314; x_wconf 75' lang='lat' dir='ltr'><strong>ter-</strong></span> 
     </span>
     <span class='ocr_line' id='line_1_38' title="bbox 63 2326 1573 2367; baseline 0 -11"><span class='ocrx_word' id='word_1_352' title='bbox 63 2330 148 2363; x_wconf 85' lang='lat' dir='ltr'><strong>dum,</strong></span> <span class='ocrx_word' id='word_1_353' title='bbox 171 2326 215 2357; x_wconf 71' lang='lat' dir='ltr'><strong>uti</strong></span> <span class='ocrx_word' id='word_1_354' title='bbox 229 2327 261 2357; x_wconf 88' lang='lat' dir='ltr'><strong>in</strong></span> <span class='ocrx_word' id='word_1_355' title='bbox 278 2338 353 2358; x_wconf 87' lang='lat' dir='ltr'><strong>novo</strong></span> <span class='ocrx_word' id='word_1_356' title='bbox 368 2327 490 2367; x_wconf 89' lang='lat' dir='ltr'><strong>imperio</strong></span> <span class='ocrx_word' id='word_1_357' title='bbox 506 2327 590 2364; x_wconf 83' lang='lat' dir='ltr'><strong>solet,</strong></span> <span class='ocrx_word' id='word_1_358' title='bbox 611 2326 728 2356; x_wconf 68' lang='lat' dir='ltr'><strong>officiosi</strong></span> <span class='ocrx_word' id='word_1_359' title='bbox 745 2328 793 2357; x_wconf 81' lang='lat' dir='ltr'><strong>fu·</strong></span> <span class='ocrx_word' id='word_1_360' title='bbox 844 2338 906 2356; x_wconf 81' lang='lat' dir='ltr'><strong>ram</strong></span> <span class='ocrx_word' id='word_1_361' title='bbox 923 2331 950 2356; x_wconf 71' lang='lat'><strong>&amp;-</strong></span> <span class='ocrx_word' id='word_1_362' title='bbox 967 2328 1021 2357; x_wconf 79' lang='lat' dir='ltr'><strong>alia</strong></span> <span class='ocrx_word' id='word_1_363' title='bbox 1039 2329 1152 2367; x_wconf 67' lang='lat' dir='ltr'><strong>propius</strong></span> <span class='ocrx_word' id='word_1_364' title='bbox 1171 2340 1271 2358; x_wconf 74' lang='lat' dir='ltr'><strong>muros</strong></span> <span class='ocrx_word' id='word_1_365' title='bbox 1284 2329 1424 2366; x_wconf 68' lang='lat' dir='ltr'><strong>jacerent,</strong></span> <span class='ocrx_word' id='word_1_366' title='bbox 1450 2330 1482 2357; x_wconf 79' lang='lat' dir='ltr'><strong>ad</strong></span> <span class='ocrx_word' id='word_1_367' title='bbox 1499 2339 1573 2357; x_wconf 81' lang='lat' dir='ltr'><strong>con·</strong></span> 
     </span>
    </p>
   </div>
   <div class='ocr_carea' id='block_1_7' title="bbox 61 2371 1574 2498">
    <p class='ocr_par' dir='ltr' id='par_1_7' title="bbox 61 2371 1574 2498">
     <span class='ocr_line' id='line_1_39' title="bbox 61 2371 1574 2410; baseline 0.001 -11"><span class='ocrx_word' id='word_1_368' title='bbox 61 2376 158 2400; x_wconf 81' lang='lat' dir='ltr'><strong>erant.</strong></span> <span class='ocrx_word' id='word_1_369' title='bbox 844 2371 1021 2400; x_wconf 78' lang='lat' dir='ltr'><strong>stituendum</strong></span> <span class='ocrx_word' id='word_1_370' title='bbox 1036 2381 1162 2409; x_wconf 80' lang='lat' dir='ltr'><strong>agerem.</strong></span> <span class='ocrx_word' id='word_1_371' title='bbox 1206 2372 1304 2400; x_wconf 77' lang='lat' dir='ltr'><strong>Aliter</strong></span> <span class='ocrx_word' id='word_1_372' title='bbox 1323 2372 1383 2407; x_wconf 73' lang='lat' dir='ltr'><strong>alii,</strong></span> <span class='ocrx_word' id='word_1_373' title='bbox 1399 2371 1501 2410; x_wconf 75' lang='lat' dir='ltr'><strong>quibus</strong></span> <span class='ocrx_word' id='word_1_374' title='bbox 1512 2381 1574 2400; x_wconf 80' lang='lat' dir='ltr'><strong>non</strong></span> 
     </span>
     <span class='ocr_line' id='line_1_40' title="bbox 107 2410 992 2453; baseline -0.001 -11"><span class='ocrx_word' id='word_1_375' title='bbox 107 2410 123 2434; x_wconf 64' lang='grc' dir='ltr'><strong>ὖ</strong></span> <span class='ocrx_word' id='word_1_376' title='bbox 144 2410 312 2453; x_wconf 65' lang='lat' dir='ltr'><strong>Infifir&#39;um]</strong></span> <span class='ocrx_word' id='word_1_377' title='bbox 351 2413 383 2442; x_wconf 90' lang='lat' dir='ltr'><strong>Id</strong></span> <span class='ocrx_word' id='word_1_378' title='bbox 397 2411 448 2448; x_wconf 81' lang='lat' dir='ltr'><strong>est,</strong></span> <span class='ocrx_word' id='word_1_379' title='bbox 467 2410 555 2450; x_wconf 59' lang='lat' dir='ltr'><strong>Quod</strong></span> <span class='ocrx_word' id='word_1_380' title='bbox 567 2410 585 2440; x_wconf 74' lang='grc' dir='ltr'><em>ἃ</em></span> <span class='ocrx_word' id='word_1_381' title='bbox 600 2411 792 2452; x_wconf 66' lang='lat' dir='ltr'><strong>J&#39;kfstellofieri</strong></span> <span class='ocrx_word' id='word_1_382' title='bbox 844 2412 992 2442; x_wconf 76' lang='lat' dir='ltr'><strong>assentior.</strong></span> 
     </span>
     <span class='ocr_line' id='line_1_41' title="bbox 61 2453 1572 2498; baseline 0.001 -15"><span class='ocrx_word' id='word_1_383' title='bbox 61 2465 114 2484; x_wconf 79' lang='lat' dir='ltr'><strong>mm</strong></span> <span class='ocrx_word' id='word_1_384' title='bbox 133 2455 223 2496; x_wconf 74' lang='lat' dir='ltr'><strong>poffet,</strong></span> <span class='ocrx_word' id='word_1_385' title='bbox 256 2455 356 2484; x_wconf 74' lang='lat' dir='ltr'><strong>verum</strong></span> <span class='ocrx_word' id='word_1_386' title='bbox 380 2455 455 2483; x_wconf 86' lang='lat' dir='ltr'><strong>illud</strong></span> <span class='ocrx_word' id='word_1_387' title='bbox 480 2453 616 2493; x_wconf 70' lang='lat' dir='ltr'><strong>Infequm</strong></span> <span class='ocrx_word' id='word_1_388' title='bbox 636 2454 704 2484; x_wconf 68' lang='lat' dir='ltr'><strong>cum</strong></span> <span class='ocrx_word' id='word_1_389' title='bbox 727 2456 789 2484; x_wconf 80' lang='lat' dir='ltr'><strong>for-</strong></span> <span class='ocrx_word' id='word_1_390' title='bbox 884 2460 899 2477; x_wconf 79' lang='lat' dir='ltr'><strong>e</strong></span> <span class='ocrx_word' id='word_1_391' title='bbox 918 2453 1038 2496; x_wconf 63' lang='lat' dir='ltr'><strong>Sapen]</strong></span> <span class='ocrx_word' id='word_1_392' title='bbox 1072 2456 1143 2498; x_wconf 80' lang='lat' dir='ltr'><strong>Jam</strong></span> <span class='ocrx_word' id='word_1_393' title='bbox 1160 2455 1242 2498; x_wconf 77' lang='lat' dir='ltr'><strong>super</strong></span> <span class='ocrx_word' id='word_1_394' title='bbox 1259 2456 1376 2495; x_wconf 79' lang='lat' dir='ltr'><strong>vulgato</strong></span> <span class='ocrx_word' id='word_1_395' title='bbox 1400 2454 1481 2486; x_wconf 85' lang='lat' dir='ltr'><strong>sensu</strong></span> <span class='ocrx_word' id='word_1_396' title='bbox 1497 2454 1572 2494; x_wconf 72' lang='lat' dir='ltr'><strong>poli-</strong></span> 
     </span>
    </p>
   </div>
   <div class='ocr_carea' id='block_1_8' title="bbox 62 2496 967 2537">
    <p class='ocr_par' dir='ltr' id='par_1_8' title="bbox 62 2496 967 2537">
     <span class='ocr_line' id='line_1_42' title="bbox 62 2496 967 2537; baseline -0.001 -10"><span class='ocrx_word' id='word_1_397' title='bbox 62 2507 144 2528; x_wconf 82' lang='lat' dir='ltr'><strong>marn</strong></span> <span class='ocrx_word' id='word_1_398' title='bbox 166 2497 442 2537; x_wconf 67' lang='lat' dir='ltr'><strong>induat-praeteriti,</strong></span> <span class='ocrx_word' id='word_1_399' title='bbox 464 2497 624 2526; x_wconf 79' lang='lat' dir='ltr'><strong>maximam</strong></span> <span class='ocrx_word' id='word_1_400' title='bbox 650 2497 711 2526; x_wconf 76' lang='lat' dir='ltr'><strong>vim</strong></span> <span class='ocrx_word' id='word_1_401' title='bbox 733 2496 789 2527; x_wconf 80' lang='lat' dir='ltr'><strong>ha·-</strong></span> <span class='ocrx_word' id='word_1_402' title='bbox 841 2502 904 2526; x_wconf 80' lang='lat' dir='ltr'><strong>tum</strong></span> <span class='ocrx_word' id='word_1_403' title='bbox 917 2498 967 2526; x_wconf 80' lang='lat' dir='ltr'><strong>est.</strong></span> 
     </span>
    </p>
   </div>
   <div class='ocr_carea' id='block_1_9' title="bbox 0 2529 1567 2580">
    <p class='ocr_par' dir='ltr' id='par_1_9' title="bbox 0 2529 1567 2580">
     <span class='ocr_line' id='line_1_43' title="bbox 0 2529 1567 2580; baseline 0.001 -12"><span class='ocrx_word' id='word_1_404' title='bbox 0 2529 3 2534; x_wconf 53' lang='grc'><strong>’</strong></span> <span class='ocrx_word' id='word_1_405' title='bbox 63 2539 126 2571; x_wconf 83' lang='lat' dir='ltr'><strong>bet.</strong></span> <span class='ocrx_word' id='word_1_406' title='bbox 772 2540 775 2541; x_wconf 49' lang='lat'><em>⁷</em></span> <span class='ocrx_word' id='word_1_407' title='bbox 884 2537 898 2561; x_wconf 82' lang='lat' dir='ltr'>f</span> <span class='ocrx_word' id='word_1_408' title='bbox 919 2538 1096 2580; x_wconf 58' lang='lat' dir='ltr'><strong>Ariecffius]</strong></span> <span class='ocrx_word' id='word_1_409' title='bbox 1122 2539 1207 2572; x_wconf 74' lang='lat' dir='ltr'><strong>Aries</strong></span> <span class='ocrx_word' id='word_1_410' title='bbox 1221 2539 1360 2574; x_wconf 80' lang='lat' dir='ltr'><strong>machina</strong></span> <span class='ocrx_word' id='word_1_411' title='bbox 1374 2540 1431 2572; x_wconf 80' lang='lat' dir='ltr'><strong>fuit</strong></span> <span class='ocrx_word' id='word_1_412' title='bbox 1446 2540 1483 2571; x_wconf 86' lang='lat' dir='ltr'><strong>ab</strong></span> <span class='ocrx_word' id='word_1_413' title='bbox 1499 2540 1567 2570; x_wconf 77' lang='lat' dir='ltr'><strong>sub-</strong></span> 
     </span>
    </p>
   </div>
   <div class='ocr_carea' id='block_1_10' title="bbox 63 2579 1580 2800">
    <p class='ocr_par' dir='ltr' id='par_1_10' title="bbox 63 2579 1580 2800">
     <span class='ocr_line' id='line_1_44' title="bbox 108 2579 1092 2622; baseline 0.003 -12"><span class='ocrx_word' id='word_1_414' title='bbox 108 2586 122 2603; x_wconf 87' lang='lat' dir='ltr'>c</span> <span class='ocrx_word' id='word_1_415' title='bbox 138 2581 189 2610; x_wconf 86' lang='lat' dir='ltr'><strong>Ex</strong></span> <span class='ocrx_word' id='word_1_416' title='bbox 205 2579 316 2622; x_wconf 51' lang='lat' dir='ltr'><strong>copiti]</strong></span> <span class='ocrx_word' id='word_1_417' title='bbox 345 2582 416 2611; x_wconf 90' lang='lat' dir='ltr'><strong>Non</strong></span> <span class='ocrx_word' id='word_1_418' title='bbox 427 2580 498 2611; x_wconf 81' lang='lat' dir='ltr'><strong>dicit</strong></span> <span class='ocrx_word' id='word_1_419' title='bbox 514 2580 652 2616; x_wconf 60' lang='lat' dir='ltr'><strong>absolute,</strong></span> <span class='ocrx_word' id='word_1_420' title='bbox 668 2581 730 2610; x_wconf 86' lang='lat' dir='ltr'><strong>loca</strong></span> <span class='ocrx_word' id='word_1_421' title='bbox 743 2580 792 2610; x_wconf 80' lang='lat' dir='ltr'><strong>fu·</strong></span> <span class='ocrx_word' id='word_1_422' title='bbox 842 2582 967 2612; x_wconf 77' lang='lat' dir='ltr'><strong>tuendos</strong></span> <span class='ocrx_word' id='word_1_423' title='bbox 980 2591 1092 2613; x_wconf 81' lang='lat' dir='ltr'><strong>muros.</strong></span> 
     </span>
     <span class='ocr_line' id='line_1_45' title="bbox 63 2622 792 2661; baseline -0.005 -8"><span class='ocrx_word' id='word_1_424' title='bbox 63 2622 114 2653; x_wconf 73' lang='lat' dir='ltr'><strong>isse</strong></span> <span class='ocrx_word' id='word_1_425' title='bbox 136 2623 264 2654; x_wconf 72' lang='lat' dir='ltr'><strong>maxime</strong></span> <span class='ocrx_word' id='word_1_426' title='bbox 281 2624 381 2653; x_wconf 78' lang='lat' dir='ltr'><strong>idonea</strong></span> <span class='ocrx_word' id='word_1_427' title='bbox 400 2634 409 2661; x_wconf 77' lang='lat'><em>3</em></span> <span class='ocrx_word' id='word_1_428' title='bbox 433 2624 475 2652; x_wconf 73' lang='lat' dir='ltr'><strong>scd</strong></span> <span class='ocrx_word' id='word_1_429' title='bbox 494 2623 588 2651; x_wconf 77' lang='lat' dir='ltr'><strong>vineas</strong></span> <span class='ocrx_word' id='word_1_430' title='bbox 609 2623 686 2652; x_wconf 61' lang='lat' dir='ltr'><strong>aetas</strong></span> <span class='ocrx_word' id='word_1_431' title='bbox 701 2623 731 2653; x_wconf 88' lang='lat' dir='ltr'><strong>in</strong></span> <span class='ocrx_word' id='word_1_432' title='bbox 748 2625 792 2653; x_wconf 89' lang='lat' dir='ltr'><strong>lo.</strong></span> 
     </span>
     <span class='ocr_line' id='line_1_46' title="bbox 63 2664 794 2705; baseline 0.007 -12"><span class='ocrx_word' id='word_1_433' title='bbox 63 2664 118 2702; x_wconf 79' lang='lat' dir='ltr'><strong>cis,</strong></span> <span class='ocrx_word' id='word_1_434' title='bbox 141 2675 193 2703; x_wconf 81' lang='lat' dir='ltr'><strong>pro</strong></span> <span class='ocrx_word' id='word_1_435' title='bbox 209 2668 314 2698; x_wconf 77' lang='lat' dir='ltr'><strong>ratione</strong></span> <span class='ocrx_word' id='word_1_436' title='bbox 328 2666 396 2697; x_wconf 70' lang='lat' dir='ltr'><strong>fitfis</strong></span> <span class='ocrx_word' id='word_1_437' title='bbox 413 2670 438 2697; x_wconf 71' lang='grc' dir='ltr'><strong>δε</strong></span> <span class='ocrx_word' id='word_1_438' title='bbox 456 2665 635 2705; x_wconf 62' lang='lat' dir='ltr'><strong>regionibus,</strong></span> <span class='ocrx_word' id='word_1_439' title='bbox 657 2665 794 2698; x_wconf 54' lang='lat' dir='ltr'><strong>maxime</strong></span> 
     </span>
     <span class='ocr_line' id='line_1_47' title="bbox 63 2707 1483 2758; baseline 0.015 -21"><span class='ocrx_word' id='word_1_440' title='bbox 63 2707 192 2746; x_wconf 55' lang='lat' dir='ltr'><strong>idonei&amp;</strong></span> <span class='ocrx_word' id='word_1_441' title='bbox 1478 2750 1483 2758; x_wconf 91' lang='lat'>.</span> 
     </span>
     <span class='ocr_line' id='line_1_48' title="bbox 1449 2752 1580 2800; baseline -0.015 -8"><span class='ocrx_word' id='word_1_442' title='bbox 1449 2752 1580 2800; x_wconf 62' lang='lat' dir='ltr'><strong>dium,</strong></span> 
     </span>
    </p>
   </div>
  </div>
 </body>
</html>
