<?xml version="1.0" encoding="UTF-8"?>
<!DOCTYPE html PUBLIC "-//W3C//DTD XHTML 1.0 Transitional//EN"
    "http://www.w3.org/TR/xhtml1/DTD/xhtml1-transitional.dtd">
<html xmlns="http://www.w3.org/1999/xhtml" xml:lang="en" lang="en">
 <head>
  <title>
</title>
<meta http-equiv="Content-Type" content="text/html;charset=utf-8" />
  <meta name='ocr-system' content='tesseract 3.04.00' />
  <meta name='ocr-capabilities' content='ocr_page ocr_carea ocr_par ocr_line ocrx_word'/>
</head>
<body>
  <div class='ocr_page' id='page_1' title='image "./workslatin1793cs00salluoft_0061.png"; bbox 0 0 1701 3051; ppageno 0'>
   <div class='ocr_carea' id='block_1_1' title="bbox 311 140 1573 200">
    <p class='ocr_par' dir='ltr' id='par_1_1' title="bbox 311 140 1573 200">
     <span class='ocr_line' id='line_1_1' title="bbox 311 140 1573 200; baseline -0.008 -9"><span class='ocrx_word' id='word_1_1' title='bbox 311 141 629 191; x_wconf 76' lang='lat' dir='ltr'>BELLUM</span> <span class='ocrx_word' id='word_1_2' title='bbox 670 140 1290 186; x_wconf 77' lang='lat' dir='ltr'><strong>CATILINARIUM.</strong></span> <span class='ocrx_word' id='word_1_3' title='bbox 1519 154 1573 200; x_wconf 77' lang='lat'>39</span> 
     </span>
    </p>
   </div>
   <div class='ocr_carea' id='block_1_2' title="bbox 62 225 1581 1695">
    <p class='ocr_par' dir='ltr' id='par_1_2' title="bbox 62 225 1581 1695">
     <span class='ocr_line' id='line_1_2' title="bbox 63 225 1566 285; baseline -0.006 -10"><span class='ocrx_word' id='word_1_4' title='bbox 63 231 145 275; x_wconf 84' lang='lat' dir='ltr'>Res</span> <span class='ocrx_word' id='word_1_5' title='bbox 165 238 291 274; x_wconf 82' lang='lat' dir='ltr'>autem</span> <span class='ocrx_word' id='word_1_6' title='bbox 313 239 328 256; x_wconf 76' lang='lat'>³</span> <span class='ocrx_word' id='word_1_7' title='bbox 348 242 564 285; x_wconf 81' lang='lat' dir='ltr'>opportuna</span> <span class='ocrx_word' id='word_1_8' title='bbox 585 229 798 281; x_wconf 84' lang='lat' dir='ltr'>videbatur,</span> <span class='ocrx_word' id='word_1_9' title='bbox 828 229 934 284; x_wconf 73' lang='lat' dir='ltr'>quod</span> <span class='ocrx_word' id='word_1_10' title='bbox 955 229 998 278; x_wconf 89' lang='lat' dir='ltr'>is,</span> <span class='ocrx_word' id='word_1_11' title='bbox 1012 263 1013 266; x_wconf 65' lang='grc'>,</span> <span class='ocrx_word' id='word_1_12' title='bbox 1028 228 1044 252; x_wconf 68' lang='lat' dir='ltr'>b</span> <span class='ocrx_word' id='word_1_13' title='bbox 1066 229 1260 282; x_wconf 85' lang='lat' dir='ltr'>privatim,</span> <span class='ocrx_word' id='word_1_14' title='bbox 1290 226 1445 281; x_wconf 65' lang='lat' dir='ltr'>egregia</span> <span class='ocrx_word' id='word_1_15' title='bbox 1467 225 1566 266; x_wconf 86' lang='lat' dir='ltr'>libe-</span> 
     </span>
     <span class='ocr_line' id='line_1_3' title="bbox 62 282 1563 341; baseline -0.005 -11"><span class='ocrx_word' id='word_1_16' title='bbox 62 290 211 331; x_wconf 82' lang='lat' dir='ltr'>ralitate</span> <span class='ocrx_word' id='word_1_17' title='bbox 232 308 243 339; x_wconf 91' lang='lat'>;</span> <span class='ocrx_word' id='word_1_18' title='bbox 275 289 443 341; x_wconf 73' lang='lat' dir='ltr'>publice,</span> <span class='ocrx_word' id='word_1_19' title='bbox 474 287 666 327; x_wconf 82' lang='lat' dir='ltr'><strong>maxumis</strong></span> <span class='ocrx_word' id='word_1_20' title='bbox 689 288 926 336; x_wconf 85' lang='lat' dir='ltr'>muneribus,</span> <span class='ocrx_word' id='word_1_21' title='bbox 957 287 1138 341; x_wconf 82' lang='lat' dir='ltr'>grandem</span> <span class='ocrx_word' id='word_1_22' title='bbox 1161 284 1367 339; x_wconf 84' lang='lat' dir='ltr'>pecuniam</span> <span class='ocrx_word' id='word_1_23' title='bbox 1389 282 1563 323; x_wconf 75' lang='lat' dir='ltr'>debebat.</span> 
     </span>
     <span class='ocr_line' id='line_1_4' title="bbox 65 338 1566 396; baseline -0.007 -10"><span class='ocrx_word' id='word_1_24' title='bbox 65 345 139 386; x_wconf 88' lang='lat' dir='ltr'>Sed</span> <span class='ocrx_word' id='word_1_25' title='bbox 161 346 225 386; x_wconf 93' lang='lat' dir='ltr'>ubi</span> <span class='ocrx_word' id='word_1_26' title='bbox 248 345 441 386; x_wconf 91' lang='lat' dir='ltr'>consulem</span> <span class='ocrx_word' id='word_1_27' title='bbox 463 345 507 384; x_wconf 84' lang='lat' dir='ltr'>ad</span> <span class='ocrx_word' id='word_1_28' title='bbox 539 354 689 384; x_wconf 78' lang='lat' dir='ltr'>tanturn</span> <span class='ocrx_word' id='word_1_29' title='bbox 718 343 866 383; x_wconf 84' lang='lat' dir='ltr'>facinus</span> <span class='ocrx_word' id='word_1_30' title='bbox 895 342 1088 396; x_wconf 81' lang='lat' dir='ltr'>impellere</span> <span class='ocrx_word' id='word_1_31' title='bbox 1115 350 1322 394; x_wconf 83' lang='lat' dir='ltr'>nequeunt,</span> <span class='ocrx_word' id='word_1_32' title='bbox 1353 339 1418 392; x_wconf 81' lang='lat' dir='ltr'>ipsi</span> <span class='ocrx_word' id='word_1_33' title='bbox 1446 345 1458 362; x_wconf 71' lang='lat'><strong><em>⁶</em></strong></span> <span class='ocrx_word' id='word_1_34' title='bbox 1488 338 1566 377; x_wconf 79' lang='lat' dir='ltr'>sm-</span> 
     </span>
     <span class='ocr_line' id='line_1_5' title="bbox 62 396 1568 455; baseline -0.005 -13"><span class='ocrx_word' id='word_1_35' title='bbox 62 402 226 455; x_wconf 84' lang='lat' dir='ltr'>gillatim</span> <span class='ocrx_word' id='word_1_36' title='bbox 248 401 545 449; x_wconf 86' lang='lat' dir='ltr'>circumeundo,</span> <span class='ocrx_word' id='word_1_37' title='bbox 576 410 693 454; x_wconf 83' lang='lat' dir='ltr'>atque</span> <span class='ocrx_word' id='word_1_38' title='bbox 718 401 963 439; x_wconf 81' lang='lat' dir='ltr'>ementiendo</span> <span class='ocrx_word' id='word_1_39' title='bbox 993 414 1085 452; x_wconf 83' lang='lat' dir='ltr'>quae</span> <span class='ocrx_word' id='word_1_40' title='bbox 1118 399 1153 438; x_wconf 88' lang='lat' dir='ltr'>se</span> <span class='ocrx_word' id='word_1_41' title='bbox 1182 411 1229 437; x_wconf 84' lang='lat' dir='ltr'>ex</span> <span class='ocrx_word' id='word_1_42' title='bbox 1252 396 1470 445; x_wconf 89' lang='lat' dir='ltr'>Vulturtio,</span> <span class='ocrx_word' id='word_1_43' title='bbox 1500 405 1568 435; x_wconf 86' lang='lat' dir='ltr'>aut</span> 
     </span>
     <span class='ocr_line' id='line_1_6' title="bbox 62 454 1564 512; baseline -0.005 -14"><span class='ocrx_word' id='word_1_44' title='bbox 62 457 345 512; x_wconf 82' lang='lat' dir='ltr'>Allobrogibus</span> <span class='ocrx_word' id='word_1_45' title='bbox 364 457 508 497; x_wconf 76' lang='lat' dir='ltr'>audiss&#39;e</span> <span class='ocrx_word' id='word_1_46' title='bbox 533 457 738 506; x_wconf 79' lang='lat' dir='ltr'>dicerent3</span> <span class='ocrx_word' id='word_1_47' title='bbox 771 470 955 511; x_wconf 76' lang='lat' dir='ltr'>magnam</span> <span class='ocrx_word' id='word_1_48' title='bbox 988 456 1039 495; x_wconf 89' lang='lat' dir='ltr'>illi</span> <span class='ocrx_word' id='word_1_49' title='bbox 1067 455 1249 495; x_wconf 84' lang='lat' dir='ltr'>invidiam</span> <span class='ocrx_word' id='word_1_50' title='bbox 1280 454 1564 493; x_wconf 82' lang='lat' dir='ltr'>conflaverant:</span> 
     </span>
     <span class='ocr_line' id='line_1_7' title="bbox 63 509 1568 568; baseline -0.004 -15"><span class='ocrx_word' id='word_1_51' title='bbox 63 514 182 568; x_wconf 89' lang='lat' dir='ltr'>usque</span> <span class='ocrx_word' id='word_1_52' title='bbox 202 514 313 563; x_wconf 66' lang='lat' dir='ltr'>adeo,</span> <span class='ocrx_word' id='word_1_53' title='bbox 336 515 390 553; x_wconf 87' lang='lat' dir='ltr'>uti</span> <span class='ocrx_word' id='word_1_54' title='bbox 413 512 590 554; x_wconf 84' lang='lat' dir='ltr'>nonnulli</span> <span class='ocrx_word' id='word_1_55' title='bbox 610 514 761 564; x_wconf 77' lang='lat' dir='ltr'>equites</span> <span class='ocrx_word' id='word_1_56' title='bbox 783 512 835 551; x_wconf 86' lang='lat' dir='ltr'>R.</span> <span class='ocrx_word' id='word_1_57' title='bbox 858 513 942 563; x_wconf 90' lang='lat' dir='ltr'>qui,</span> <span class='ocrx_word' id='word_1_58' title='bbox 974 510 1132 562; x_wconf 74' lang='lat' dir='ltr'>praesidii</span> <span class='ocrx_word' id='word_1_59' title='bbox 1153 512 1279 558; x_wconf 74' lang='lat' dir='ltr'>causa,</span> <span class='ocrx_word' id='word_1_60' title='bbox 1309 525 1401 549; x_wconf 89' lang='lat' dir='ltr'>cum</span> <span class='ocrx_word' id='word_1_61' title='bbox 1423 509 1505 549; x_wconf 87' lang='lat' dir='ltr'>telis</span> <span class='ocrx_word' id='word_1_62' title='bbox 1524 523 1568 547; x_wconf 86' lang='lat' dir='ltr'>e-</span> 
     </span>
     <span class='ocr_line' id='line_1_8' title="bbox 64 565 1569 619; baseline -0.004 -9"><span class='ocrx_word' id='word_1_63' title='bbox 64 581 153 611; x_wconf 88' lang='lat' dir='ltr'>rant</span> <span class='ocrx_word' id='word_1_64' title='bbox 171 571 319 610; x_wconf 90' lang='lat' dir='ltr'>circum</span> <span class='ocrx_word' id='word_1_65' title='bbox 344 571 468 610; x_wconf 84' lang='lat' dir='ltr'>aedem</span> <span class='ocrx_word' id='word_1_66' title='bbox 499 569 758 616; x_wconf 82' lang='lat' dir='ltr'>Concordiae3</span> <span class='ocrx_word' id='word_1_67' title='bbox 790 567 849 606; x_wconf 88' lang='lat' dir='ltr'>seu</span> <span class='ocrx_word' id='word_1_68' title='bbox 870 567 1027 619; x_wconf 87' lang='lat' dir='ltr'>periculi</span> <span class='ocrx_word' id='word_1_69' title='bbox 1054 567 1338 619; x_wconf 79' lang='lat' dir='ltr'>magnitudine,</span> <span class='ocrx_word' id='word_1_70' title='bbox 1368 567 1428 606; x_wconf 89' lang='lat' dir='ltr'>seu</span> <span class='ocrx_word' id='word_1_71' title='bbox 1448 565 1569 606; x_wconf 87' lang='lat' dir='ltr'>animi</span> 
     </span>
     <span class='ocr_line' id='line_1_9' title="bbox 65 623 1569 679; baseline -0.004 -12"><span class='ocrx_word' id='word_1_72' title='bbox 65 627 81 650; x_wconf 80' lang='lat'>‘¹</span> <span class='ocrx_word' id='word_1_73' title='bbox 111 627 324 667; x_wconf 84' lang='lat' dir='ltr'>mobilitate</span> <span class='ocrx_word' id='word_1_74' title='bbox 345 625 513 679; x_wconf 77' lang='lat' dir='ltr'>impulsi,</span> <span class='ocrx_word' id='word_1_75' title='bbox 544 625 623 676; x_wconf 73' lang='lat' dir='ltr'>quo</span> <span class='ocrx_word' id='word_1_76' title='bbox 651 624 817 665; x_wconf 86' lang='lat' dir='ltr'>studium</span> <span class='ocrx_word' id='word_1_77' title='bbox 845 624 954 663; x_wconf 89' lang='lat' dir='ltr'>suum</span> <span class='ocrx_word' id='word_1_78' title='bbox 990 624 1027 662; x_wconf 90' lang='lat' dir='ltr'>in</span> <span class='ocrx_word' id='word_1_79' title='bbox 1058 638 1176 676; x_wconf 87' lang='lat' dir='ltr'>remp.</span> <span class='ocrx_word' id='word_1_80' title='bbox 1211 623 1349 663; x_wconf 75' lang='lat' dir='ltr'>clarius</span> <span class='ocrx_word' id='word_1_81' title='bbox 1375 623 1493 671; x_wconf 79' lang='lat' dir='ltr'>efl&#39;et3</span> <span class='ocrx_word' id='word_1_82' title='bbox 1525 637 1569 661; x_wconf 88' lang='lat' dir='ltr'>e-</span> 
     </span>
     <span class='ocr_line' id='line_1_10' title="bbox 64 678 1570 737; baseline -0.003 -14"><span class='ocrx_word' id='word_1_83' title='bbox 64 684 251 737; x_wconf 66' lang='lat' dir='ltr'>greditznti</span> <span class='ocrx_word' id='word_1_84' title='bbox 283 698 331 723; x_wconf 86' lang='lat' dir='ltr'>ex</span> <span class='ocrx_word' id='word_1_85' title='bbox 363 684 491 722; x_wconf 80' lang='lat' dir='ltr'>senatu</span> <span class='ocrx_word' id='word_1_86' title='bbox 515 680 655 721; x_wconf 79' lang='lat' dir='ltr'>Caesari</span> <span class='ocrx_word' id='word_1_87' title='bbox 684 681 814 736; x_wconf 85' lang='lat' dir='ltr'>gladio</span> <span class='ocrx_word' id='word_1_88' title='bbox 841 680 1121 720; x_wconf 76' lang='lat' dir='ltr'>minitarentur.</span> <span class='ocrx_word' id='word_1_89' title='bbox 1182 679 1295 720; x_wconf 87' lang='lat' dir='ltr'>Dum</span> <span class='ocrx_word' id='word_1_90' title='bbox 1323 680 1407 719; x_wconf 80' lang='lat' dir='ltr'>haec</span> <span class='ocrx_word' id='word_1_91' title='bbox 1440 680 1477 718; x_wconf 85' lang='lat' dir='ltr'>in</span> <span class='ocrx_word' id='word_1_92' title='bbox 1500 678 1570 718; x_wconf 80' lang='lat' dir='ltr'>Se-</span> 
     </span>
     <span class='ocr_line' id='line_1_11' title="bbox 65 734 1570 794; baseline -0.004 -14"><span class='ocrx_word' id='word_1_93' title='bbox 65 735 160 781; x_wconf 78' lang='lat' dir='ltr'>natu</span> <span class='ocrx_word' id='word_1_94' title='bbox 182 750 363 794; x_wconf 79' lang='lat' dir='ltr'>aguntur,</span> <span class='ocrx_word' id='word_1_95' title='bbox 395 740 432 779; x_wconf 86' lang='lat'>&amp;</span> <span class='ocrx_word' id='word_1_96' title='bbox 452 738 543 777; x_wconf 88' lang='lat' dir='ltr'>dum</span> <span class='ocrx_word' id='word_1_97' title='bbox 565 737 700 789; x_wconf 84' lang='lat' dir='ltr'>legatis</span> <span class='ocrx_word' id='word_1_98' title='bbox 724 737 998 789; x_wconf 82' lang='lat' dir='ltr'>Allobrogum,</span> <span class='ocrx_word' id='word_1_99' title='bbox 1030 737 1067 776; x_wconf 75' lang='lat'>&amp;</span> <span class='ocrx_word' id='word_1_100' title='bbox 1090 735 1147 775; x_wconf 90' lang='lat' dir='ltr'>T.</span> <span class='ocrx_word' id='word_1_101' title='bbox 1172 734 1390 784; x_wconf 67' lang='lat' dir='ltr'>Vulturno,</span> <span class='ocrx_word' id='word_1_102' title='bbox 1423 738 1433 755; x_wconf 92' lang='lat'>¹</span> <span class='ocrx_word' id='word_1_103' title='bbox 1458 749 1570 775; x_wconf 74' lang='lat' dir='ltr'>corn-</span> 
     </span>
     <span class='ocr_line' id='line_1_12' title="bbox 67 792 1572 849; baseline -0.002 -14"><span class='ocrx_word' id='word_1_104' title='bbox 67 798 230 849; x_wconf 82' lang='lat' dir='ltr'>probato</span> <span class='ocrx_word' id='word_1_105' title='bbox 258 811 392 836; x_wconf 92' lang='lat' dir='ltr'>eorum</span> <span class='ocrx_word' id='word_1_106' title='bbox 428 794 586 841; x_wconf 87' lang='lat' dir='ltr'>indicio,</span> <span class='ocrx_word' id='word_1_107' title='bbox 615 795 772 845; x_wconf 83' lang='lat' dir='ltr'>praemia</span> <span class='ocrx_word' id='word_1_108' title='bbox 803 793 1091 841; x_wconf 85' lang='lat' dir='ltr'>decernuntur,</span> <span class='ocrx_word' id='word_1_109' title='bbox 1129 792 1268 840; x_wconf 87' lang='lat' dir='ltr'>liberti,</span> <span class='ocrx_word' id='word_1_110' title='bbox 1308 792 1346 830; x_wconf 79' lang='lat'>&amp;</span> <span class='ocrx_word' id='word_1_111' title='bbox 1377 793 1489 843; x_wconf 77' lang='lat' dir='ltr'>pauci</span> <span class='ocrx_word' id='word_1_112' title='bbox 1520 806 1572 832; x_wconf 75' lang='lat' dir='ltr'>ex</span> 
     </span>
     <span class='ocr_line' id='line_1_13' title="bbox 64 848 1571 901; baseline -0.003 -9"><span class='ocrx_word' id='word_1_113' title='bbox 64 853 270 893; x_wconf 81' lang='lat' dir='ltr'>clientibus</span> <span class='ocrx_word' id='word_1_114' title='bbox 291 851 462 899; x_wconf 87' lang='lat' dir='ltr'>Lentuli,</span> <span class='ocrx_word' id='word_1_115' title='bbox 493 849 644 889; x_wconf 79' lang='lat' dir='ltr'>diversis</span> <span class='ocrx_word' id='word_1_116' title='bbox 665 856 679 873; x_wconf 66' lang='lat' dir='ltr'>e</span> <span class='ocrx_word' id='word_1_117' title='bbox 693 850 908 898; x_wconf 80' lang='lat' dir='ltr'>itineribus,</span> <span class='ocrx_word' id='word_1_118' title='bbox 939 848 1114 900; x_wconf 81' lang='lat' dir='ltr'>opifices,</span> <span class='ocrx_word' id='word_1_119' title='bbox 1145 859 1262 901; x_wconf 84' lang='lat' dir='ltr'>atque</span> <span class='ocrx_word' id='word_1_120' title='bbox 1283 848 1431 887; x_wconf 86' lang='lat' dir='ltr'>servitia</span> <span class='ocrx_word' id='word_1_121' title='bbox 1453 849 1492 887; x_wconf 91' lang='lat' dir='ltr'>in</span> <span class='ocrx_word' id='word_1_122' title='bbox 1510 850 1571 887; x_wconf 84' lang='lat' dir='ltr'>vi-</span> 
     </span>
     <span class='ocr_line' id='line_1_14' title="bbox 66 903 1572 961; baseline -0.003 -13"><span class='ocrx_word' id='word_1_123' title='bbox 66 910 122 950; x_wconf 89' lang='lat' dir='ltr'>cis</span> <span class='ocrx_word' id='word_1_124' title='bbox 139 909 184 948; x_wconf 90' lang='lat' dir='ltr'>ad</span> <span class='ocrx_word' id='word_1_125' title='bbox 206 924 294 949; x_wconf 89' lang='lat' dir='ltr'>eum</span> <span class='ocrx_word' id='word_1_126' title='bbox 314 907 553 961; x_wconf 86' lang='lat' dir='ltr'>eripiendum</span> <span class='ocrx_word' id='word_1_127' title='bbox 573 906 812 947; x_wconf 77' lang='lat' dir='ltr'>solicitabant</span> <span class='ocrx_word' id='word_1_128' title='bbox 835 921 843 946; x_wconf 90' lang='lat'>:</span> <span class='ocrx_word' id='word_1_129' title='bbox 875 907 1014 958; x_wconf 82' lang='lat' dir='ltr'>partim</span> <span class='ocrx_word' id='word_1_130' title='bbox 1029 905 1282 959; x_wconf 87' lang='lat' dir='ltr'>exquirebant</span> <span class='ocrx_word' id='word_1_131' title='bbox 1302 903 1315 927; x_wconf 76' lang='lat' dir='ltr'>f</span> <span class='ocrx_word' id='word_1_132' title='bbox 1331 905 1448 944; x_wconf 86' lang='lat' dir='ltr'>duces</span> <span class='ocrx_word' id='word_1_133' title='bbox 1468 904 1572 944; x_wconf 89' lang='lat' dir='ltr'>mul-</span> 
     </span>
     <span class='ocr_line' id='line_1_15' title="bbox 66 961 1573 1018; baseline -0.002 -13"><span class='ocrx_word' id='word_1_134' title='bbox 66 966 275 1005; x_wconf 88' lang='lat' dir='ltr'>titudinum</span> <span class='ocrx_word' id='word_1_135' title='bbox 310 966 327 984; x_wconf 84' lang='lat'>²</span> <span class='ocrx_word' id='word_1_136' title='bbox 346 964 413 1018; x_wconf 88' lang='lat' dir='ltr'>qui</span> <span class='ocrx_word' id='word_1_137' title='bbox 435 963 555 1016; x_wconf 88' lang='lat' dir='ltr'>pretio</span> <span class='ocrx_word' id='word_1_138' title='bbox 577 965 750 1016; x_wconf 87' lang='lat' dir='ltr'>rempub.</span> <span class='ocrx_word' id='word_1_139' title='bbox 775 976 915 1003; x_wconf 83' lang='lat' dir='ltr'>vexare</span> <span class='ocrx_word' id='word_1_140' title='bbox 934 962 1030 1002; x_wconf 85' lang='lat' dir='ltr'>soliti</span> <span class='ocrx_word' id='word_1_141' title='bbox 1053 972 1172 1002; x_wconf 84' lang='lat' dir='ltr'>erant.</span> <span class='ocrx_word' id='word_1_142' title='bbox 1223 961 1425 1015; x_wconf 77' lang='lat' dir='ltr'>Cethegus</span> <span class='ocrx_word' id='word_1_143' title='bbox 1441 970 1573 1002; x_wconf 89' lang='lat' dir='ltr'>autem</span> 
     </span>
     <span class='ocr_line' id='line_1_16' title="bbox 66 1018 1574 1074; baseline -0.001 -14"><span class='ocrx_word' id='word_1_144' title='bbox 66 1036 132 1074; x_wconf 90' lang='lat' dir='ltr'>per</span> <span class='ocrx_word' id='word_1_145' title='bbox 151 1021 315 1061; x_wconf 85' lang='lat' dir='ltr'>nuncios</span> <span class='ocrx_word' id='word_1_146' title='bbox 335 1027 352 1051; x_wconf 67' lang='grc' dir='ltr'>ἔ</span> <span class='ocrx_word' id='word_1_147' title='bbox 374 1020 577 1069; x_wconf 83' lang='lat' dir='ltr'>familiam,</span> <span class='ocrx_word' id='word_1_148' title='bbox 607 1030 722 1074; x_wconf 86' lang='lat' dir='ltr'>atque</span> <span class='ocrx_word' id='word_1_149' title='bbox 743 1021 899 1059; x_wconf 87' lang='lat' dir='ltr'>libertos</span> <span class='ocrx_word' id='word_1_150' title='bbox 920 1019 1021 1067; x_wconf 90' lang='lat' dir='ltr'>suos,</span> <span class='ocrx_word' id='word_1_151' title='bbox 1053 1018 1189 1067; x_wconf 59' lang='lat' dir='ltr'>leAE&#39;tos,</span> <span class='ocrx_word' id='word_1_152' title='bbox 1220 1018 1258 1057; x_wconf 71' lang='grc' dir='ltr'>ἅ</span> <span class='ocrx_word' id='word_1_153' title='bbox 1281 1019 1509 1059; x_wconf 74' lang='lat' dir='ltr'>exercitatos</span> <span class='ocrx_word' id='word_1_154' title='bbox 1533 1020 1574 1059; x_wconf 83' lang='lat' dir='ltr'>in</span> 
     </span>
     <span class='ocr_line' id='line_1_17' title="bbox 64 1073 1573 1130; baseline -0.001 -13"><span class='ocrx_word' id='word_1_155' title='bbox 64 1078 285 1127; x_wconf 78' lang='lat' dir='ltr'>audaciam,</span> <span class='ocrx_word' id='word_1_156' title='bbox 316 1077 465 1126; x_wconf 88' lang='lat' dir='ltr'>orabat,</span> <span class='ocrx_word' id='word_1_157' title='bbox 496 1073 553 1115; x_wconf 80' lang='lat' dir='ltr'>uti</span> <span class='ocrx_word' id='word_1_158' title='bbox 583 1090 699 1130; x_wconf 79' lang='lat' dir='ltr'>grege</span> <span class='ocrx_word' id='word_1_159' title='bbox 726 1076 841 1123; x_wconf 64' lang='lat' dir='ltr'>fufio,</span> <span class='ocrx_word' id='word_1_160' title='bbox 872 1089 965 1114; x_wconf 87' lang='lat' dir='ltr'>cum</span> <span class='ocrx_word' id='word_1_161' title='bbox 1002 1075 1084 1114; x_wconf 80' lang='lat' dir='ltr'>telis</span> <span class='ocrx_word' id='word_1_162' title='bbox 1115 1075 1160 1114; x_wconf 81' lang='lat' dir='ltr'>ad</span> <span class='ocrx_word' id='word_1_163' title='bbox 1193 1075 1263 1114; x_wconf 84' lang='lat' dir='ltr'>sese</span> <span class='ocrx_word' id='word_1_164' title='bbox 1301 1075 1573 1127; x_wconf 84' lang='lat' dir='ltr'>irrumperent.</span> 
     </span>
     <span class='ocr_line' id='line_1_18' title="bbox 67 1129 1576 1187; baseline -0.002 -14"><span class='ocrx_word' id='word_1_165' title='bbox 67 1133 230 1183; x_wconf 81' lang='lat' dir='ltr'>Consul,</span> <span class='ocrx_word' id='word_1_166' title='bbox 272 1134 338 1173; x_wconf 86' lang='lat' dir='ltr'>ubi</span> <span class='ocrx_word' id='word_1_167' title='bbox 371 1148 417 1174; x_wconf 89' lang='lat' dir='ltr'>ea</span> <span class='ocrx_word' id='word_1_168' title='bbox 450 1133 572 1187; x_wconf 82' lang='lat' dir='ltr'>parari</span> <span class='ocrx_word' id='word_1_169' title='bbox 605 1134 807 1186; x_wconf 81' lang='lat' dir='ltr'>cognovit,</span> <span class='ocrx_word' id='word_1_170' title='bbox 837 1131 1018 1185; x_wconf 82' lang='lat' dir='ltr'>dispositis</span> <span class='ocrx_word' id='word_1_171' title='bbox 1051 1132 1247 1183; x_wconf 65' lang='lat' dir='ltr'>praesidiis,</span> <span class='ocrx_word' id='word_1_172' title='bbox 1281 1129 1335 1170; x_wconf 81' lang='lat' dir='ltr'>uti</span> <span class='ocrx_word' id='word_1_173' title='bbox 1373 1144 1431 1171; x_wconf 88' lang='lat' dir='ltr'>res</span> <span class='ocrx_word' id='word_1_174' title='bbox 1457 1141 1576 1185; x_wconf 85' lang='lat' dir='ltr'>atque</span> 
     </span>
     <span class='ocr_line' id='line_1_19' title="bbox 67 1187 1575 1243; baseline -0.002 -13"><span class='ocrx_word' id='word_1_175' title='bbox 67 1199 219 1243; x_wconf 89' lang='lat' dir='ltr'>tempus</span> <span class='ocrx_word' id='word_1_176' title='bbox 243 1189 439 1239; x_wconf 82' lang='lat' dir='ltr'>monebat,</span> <span class='ocrx_word' id='word_1_177' title='bbox 470 1199 688 1230; x_wconf 84' lang='lat' dir='ltr'>convocato</span> <span class='ocrx_word' id='word_1_178' title='bbox 716 1190 847 1230; x_wconf 85' lang='lat' dir='ltr'>senatu</span> <span class='ocrx_word' id='word_1_179' title='bbox 868 1189 996 1238; x_wconf 83' lang='lat' dir='ltr'>refert,</span> <span class='ocrx_word' id='word_1_180' title='bbox 1028 1188 1120 1242; x_wconf 82' lang='lat' dir='ltr'>quid</span> <span class='ocrx_word' id='word_1_181' title='bbox 1140 1188 1187 1227; x_wconf 92' lang='lat' dir='ltr'>de</span> <span class='ocrx_word' id='word_1_182' title='bbox 1210 1188 1268 1227; x_wconf 89' lang='lat' dir='ltr'>his</span> <span class='ocrx_word' id='word_1_183' title='bbox 1299 1187 1381 1227; x_wconf 87' lang='lat' dir='ltr'>fieri</span> <span class='ocrx_word' id='word_1_184' title='bbox 1410 1188 1575 1240; x_wconf 82' lang='lat' dir='ltr'>placeat,</span> 
     </span>
     <span class='ocr_line' id='line_1_20' title="bbox 66 1244 1576 1299; baseline -0.003 -12"><span class='ocrx_word' id='word_1_185' title='bbox 66 1248 133 1299; x_wconf 89' lang='lat' dir='ltr'>qui</span> <span class='ocrx_word' id='word_1_186' title='bbox 158 1248 197 1287; x_wconf 87' lang='lat' dir='ltr'>in</span> <span class='ocrx_word' id='word_1_187' title='bbox 218 1246 432 1287; x_wconf 85' lang='lat' dir='ltr'>custodiam</span> <span class='ocrx_word' id='word_1_188' title='bbox 462 1245 586 1286; x_wconf 84' lang='lat' dir='ltr'>traditi</span> <span class='ocrx_word' id='word_1_189' title='bbox 614 1255 735 1286; x_wconf 80' lang='lat' dir='ltr'>erant.</span> <span class='ocrx_word' id='word_1_190' title='bbox 799 1245 872 1285; x_wconf 86' lang='lat' dir='ltr'>Sed</span> <span class='ocrx_word' id='word_1_191' title='bbox 893 1260 958 1285; x_wconf 88' lang='lat' dir='ltr'>eos</span> <span class='ocrx_word' id='word_1_192' title='bbox 992 1245 1109 1298; x_wconf 78' lang='lat' dir='ltr'>paulo</span> <span class='ocrx_word' id='word_1_193' title='bbox 1139 1244 1227 1285; x_wconf 73' lang='lat' dir='ltr'>ante</span> <span class='ocrx_word' id='word_1_194' title='bbox 1257 1245 1440 1297; x_wconf 84' lang='lat' dir='ltr'>frequens</span> <span class='ocrx_word' id='word_1_195' title='bbox 1468 1246 1576 1284; x_wconf 85' lang='lat' dir='ltr'>sena-</span> 
     </span>
     <span class='ocr_line' id='line_1_21' title="bbox 66 1300 1577 1359; baseline -0.003 -15"><span class='ocrx_word' id='word_1_196' title='bbox 66 1314 129 1344; x_wconf 86' lang='lat' dir='ltr'>tus</span> <span class='ocrx_word' id='word_1_197' title='bbox 154 1305 397 1359; x_wconf 81' lang='lat' dir='ltr'>judicaverat</span> <span class='ocrx_word' id='word_1_198' title='bbox 416 1313 553 1343; x_wconf 82' lang='lat' dir='ltr'>contra</span> <span class='ocrx_word' id='word_1_199' title='bbox 574 1317 698 1355; x_wconf 88' lang='lat' dir='ltr'>remp.</span> <span class='ocrx_word' id='word_1_200' title='bbox 728 1302 864 1343; x_wconf 84' lang='lat' dir='ltr'>feciffe.</span> <span class='ocrx_word' id='word_1_201' title='bbox 916 1303 1029 1342; x_wconf 89' lang='lat' dir='ltr'>Tum</span> <span class='ocrx_word' id='word_1_202' title='bbox 1051 1301 1108 1342; x_wconf 92' lang='lat' dir='ltr'>D.</span> <span class='ocrx_word' id='word_1_203' title='bbox 1131 1301 1274 1354; x_wconf 80' lang='lat' dir='ltr'>junius</span> <span class='ocrx_word' id='word_1_204' title='bbox 1296 1300 1465 1349; x_wconf 81' lang='lat' dir='ltr'>Silanus,</span> <span class='ocrx_word' id='word_1_205' title='bbox 1496 1302 1577 1353; x_wconf 91' lang='lat' dir='ltr'>pri-</span> 
     </span>
     <span class='ocr_line' id='line_1_22' title="bbox 67 1357 1576 1413; baseline -0.003 -13"><span class='ocrx_word' id='word_1_206' title='bbox 67 1375 155 1400; x_wconf 88' lang='lat' dir='ltr'>mus</span> <span class='ocrx_word' id='word_1_207' title='bbox 176 1361 400 1400; x_wconf 82' lang='lat' dir='ltr'>sententiam</span> <span class='ocrx_word' id='word_1_208' title='bbox 422 1368 595 1413; x_wconf 77' lang='lat' dir='ltr'>rogatus,</span> <span class='ocrx_word' id='word_1_209' title='bbox 627 1360 730 1413; x_wconf 79' lang='lat' dir='ltr'>quod</span> <span class='ocrx_word' id='word_1_210' title='bbox 750 1375 796 1400; x_wconf 87' lang='lat' dir='ltr'>eo</span> <span class='ocrx_word' id='word_1_211' title='bbox 818 1370 989 1412; x_wconf 88' lang='lat' dir='ltr'>tempore</span> <span class='ocrx_word' id='word_1_212' title='bbox 1009 1358 1140 1401; x_wconf 80' lang='lat' dir='ltr'>consul</span> <span class='ocrx_word' id='word_1_213' title='bbox 1163 1357 1382 1411; x_wconf 78' lang='lat' dir='ltr'>designatus</span> <span class='ocrx_word' id='word_1_214' title='bbox 1401 1368 1496 1405; x_wconf 88' lang='lat' dir='ltr'>erat,</span> <span class='ocrx_word' id='word_1_215' title='bbox 1528 1358 1576 1397; x_wconf 88' lang='lat' dir='ltr'>de</span> 
     </span>
     <span class='ocr_line' id='line_1_23' title="bbox 70 1412 1580 1470; baseline -0.002 -14"><span class='ocrx_word' id='word_1_216' title='bbox 70 1417 131 1457; x_wconf 84' lang='lat' dir='ltr'>his</span> <span class='ocrx_word' id='word_1_217' title='bbox 152 1418 221 1470; x_wconf 86' lang='lat' dir='ltr'>qui</span> <span class='ocrx_word' id='word_1_218' title='bbox 248 1418 287 1457; x_wconf 85' lang='lat' dir='ltr'>in</span> <span class='ocrx_word' id='word_1_219' title='bbox 319 1415 501 1456; x_wconf 83' lang='lat' dir='ltr'>custodiis</span> <span class='ocrx_word' id='word_1_220' title='bbox 525 1418 768 1465; x_wconf 84' lang='lat' dir='ltr'>tenebantur,</span> <span class='ocrx_word' id='word_1_221' title='bbox 800 1416 836 1456; x_wconf 63' lang='grc' dir='ltr'>ἃ</span> <span class='ocrx_word' id='word_1_222' title='bbox 860 1427 1043 1467; x_wconf 78' lang='lat' dir='ltr'>praeterea</span> <span class='ocrx_word' id='word_1_223' title='bbox 1073 1415 1119 1453; x_wconf 91' lang='lat' dir='ltr'>de</span> <span class='ocrx_word' id='word_1_224' title='bbox 1153 1413 1203 1454; x_wconf 90' lang='lat' dir='ltr'>L.</span> <span class='ocrx_word' id='word_1_225' title='bbox 1237 1414 1380 1462; x_wconf 84' lang='lat' dir='ltr'>Caffio,</span> <span class='ocrx_word' id='word_1_226' title='bbox 1414 1414 1459 1453; x_wconf 89' lang='lat' dir='ltr'>P.</span> <span class='ocrx_word' id='word_1_227' title='bbox 1493 1412 1580 1453; x_wconf 85' lang='lat' dir='ltr'>Fu-</span> 
     </span>
     <span class='ocr_line' id='line_1_24' title="bbox 69 1471 1580 1525; baseline -0.002 -12"><span class='ocrx_word' id='word_1_228' title='bbox 69 1474 144 1521; x_wconf 84' lang='lat' dir='ltr'>rio,</span> <span class='ocrx_word' id='word_1_229' title='bbox 177 1473 221 1514; x_wconf 85' lang='lat' dir='ltr'>P.</span> <span class='ocrx_word' id='word_1_230' title='bbox 256 1473 477 1522; x_wconf 89' lang='lat' dir='ltr'>Umbreno,</span> <span class='ocrx_word' id='word_1_231' title='bbox 500 1472 560 1525; x_wconf 85' lang='lat' dir='ltr'>Q</span> <span class='ocrx_word' id='word_1_232' title='bbox 582 1474 735 1521; x_wconf 81' lang='lat' dir='ltr'>Annio,</span> <span class='ocrx_word' id='word_1_233' title='bbox 766 1474 831 1525; x_wconf 86' lang='lat' dir='ltr'>qui</span> <span class='ocrx_word' id='word_1_234' title='bbox 853 1471 1073 1524; x_wconf 76' lang='lat' dir='ltr'>deprehensi</span> <span class='ocrx_word' id='word_1_235' title='bbox 1094 1472 1234 1517; x_wconf 80' lang='lat' dir='ltr'>forent,</span> <span class='ocrx_word' id='word_1_236' title='bbox 1265 1471 1490 1522; x_wconf 80' lang='lat' dir='ltr'>supplicium</span> <span class='ocrx_word' id='word_1_237' title='bbox 1514 1471 1580 1510; x_wconf 88' lang='lat' dir='ltr'>su-</span> 
     </span>
     <span class='ocr_line' id='line_1_25' title="bbox 70 1527 1578 1582; baseline -0.002 -13"><span class='ocrx_word' id='word_1_238' title='bbox 70 1530 259 1569; x_wconf 88' lang='lat' dir='ltr'>mendum</span> <span class='ocrx_word' id='word_1_239' title='bbox 292 1530 532 1570; x_wconf 84' lang='lat' dir='ltr'>decreverat:</span> <span class='ocrx_word' id='word_1_240' title='bbox 576 1530 677 1582; x_wconf 87' lang='lat' dir='ltr'>isque</span> <span class='ocrx_word' id='word_1_241' title='bbox 710 1530 839 1582; x_wconf 84' lang='lat' dir='ltr'>postea</span> <span class='ocrx_word' id='word_1_242' title='bbox 871 1540 1068 1580; x_wconf 84' lang='lat' dir='ltr'>permotus</span> <span class='ocrx_word' id='word_1_243' title='bbox 1102 1529 1276 1566; x_wconf 82' lang='lat' dir='ltr'>oratione</span> <span class='ocrx_word' id='word_1_244' title='bbox 1311 1527 1578 1576; x_wconf 43' lang='lat' dir='ltr'>CuCaesaris,</span> 
     </span>
     <span class='ocr_line' id='line_1_26' title="bbox 72 1584 1580 1638; baseline -0.001 -14"><span class='ocrx_word' id='word_1_245' title='bbox 72 1585 89 1609; x_wconf 80' lang='lat'>¹²</span> <span class='ocrx_word' id='word_1_246' title='bbox 111 1586 269 1638; x_wconf 89' lang='lat' dir='ltr'>pedibus</span> <span class='ocrx_word' id='word_1_247' title='bbox 294 1586 339 1625; x_wconf 70' lang='lat' dir='ltr'>in‘</span> <span class='ocrx_word' id='word_1_248' title='bbox 368 1586 593 1626; x_wconf 86' lang='lat' dir='ltr'>sententiam</span> <span class='ocrx_word' id='word_1_249' title='bbox 626 1585 698 1625; x_wconf 84' lang='lat' dir='ltr'>Ti.</span> <span class='ocrx_word' id='word_1_250' title='bbox 742 1585 914 1625; x_wconf 81' lang='lat' dir='ltr'>Neronis</span> <span class='ocrx_word' id='word_1_251' title='bbox 944 1587 1091 1624; x_wconf 84' lang='lat' dir='ltr'>iturum</span> <span class='ocrx_word' id='word_1_252' title='bbox 1118 1585 1151 1623; x_wconf 93' lang='lat' dir='ltr'>se</span> <span class='ocrx_word' id='word_1_253' title='bbox 1183 1584 1332 1623; x_wconf 86' lang='lat' dir='ltr'>dixerat</span> <span class='ocrx_word' id='word_1_254' title='bbox 1356 1603 1365 1632; x_wconf 89' lang='lat'>;</span> <span class='ocrx_word' id='word_1_255' title='bbox 1398 1584 1502 1636; x_wconf 75' lang='lat' dir='ltr'>quod</span> <span class='ocrx_word' id='word_1_256' title='bbox 1532 1585 1580 1623; x_wconf 89' lang='lat' dir='ltr'>de</span> 
     </span>
     <span class='ocr_line' id='line_1_27' title="bbox 71 1639 1581 1695; baseline -0.001 -12"><span class='ocrx_word' id='word_1_257' title='bbox 71 1647 116 1683; x_wconf 66' lang='lat' dir='ltr'>ea</span> <span class='ocrx_word' id='word_1_258' title='bbox 139 1657 193 1691; x_wconf 87' lang='lat' dir='ltr'>re,</span> <span class='ocrx_word' id='word_1_259' title='bbox 224 1641 237 1664; x_wconf 78' lang='lat' dir='ltr'>s</span> <span class='ocrx_word' id='word_1_260' title='bbox 258 1641 438 1695; x_wconf 78' lang='lat' dir='ltr'>praesidiis</span> <span class='ocrx_word' id='word_1_261' title='bbox 457 1642 610 1690; x_wconf 87' lang='lat' dir='ltr'>additis,</span> <span class='ocrx_word' id='word_1_262' title='bbox 642 1642 882 1682; x_wconf 85' lang='lat' dir='ltr'>referendum</span> <span class='ocrx_word' id='word_1_263' title='bbox 902 1643 1113 1682; x_wconf 84' lang='lat' dir='ltr'>censuerat.</span> <span class='ocrx_word' id='word_1_264' title='bbox 1176 1640 1247 1680; x_wconf 86' lang='lat' dir='ltr'>Sed</span> <span class='ocrx_word' id='word_1_265' title='bbox 1271 1639 1415 1688; x_wconf 57' lang='lat' dir='ltr'>Caesar,</span> <span class='ocrx_word' id='word_1_266' title='bbox 1449 1641 1510 1680; x_wconf 87' lang='lat' dir='ltr'>ubi</span> <span class='ocrx_word' id='word_1_267' title='bbox 1532 1639 1581 1681; x_wconf 88' lang='lat' dir='ltr'>ad</span> 
     </span>
    </p>
   </div>
   <div class='ocr_carea' id='block_1_3' title="bbox 65 1697 1578 1798">
    <p class='ocr_par' dir='ltr' id='par_1_3' title="bbox 65 1697 1578 1798">
     <span class='ocr_line' id='line_1_28' title="bbox 65 1697 1578 1798; baseline -0.001 -56"><span class='ocrx_word' id='word_1_268' title='bbox 65 1714 158 1798; x_wconf 57' lang='lat' dir='ltr'>tium</span> <span class='ocrx_word' id='word_1_269' title='bbox 184 1709 344 1796; x_wconf 51' lang='lat' dir='ltr'>ventiqm</span> <span class='ocrx_word' id='word_1_270' title='bbox 363 1698 433 1749; x_wconf 85' lang='lat' dir='ltr'>est,</span> <span class='ocrx_word' id='word_1_271' title='bbox 462 1707 621 1753; x_wconf 79' lang='lat' dir='ltr'>rogatus</span> <span class='ocrx_word' id='word_1_272' title='bbox 644 1699 870 1740; x_wconf 79' lang='lat' dir='ltr'>sententiam</span> <span class='ocrx_word' id='word_1_273' title='bbox 890 1699 911 1740; x_wconf 66' lang='lat' dir='ltr'>a</span> <span class='ocrx_word' id='word_1_274' title='bbox 938 1698 1108 1747; x_wconf 86' lang='lat' dir='ltr'>consule,</span> <span class='ocrx_word' id='word_1_275' title='bbox 1140 1697 1156 1721; x_wconf 68' lang='lat'>¹&lt;</span> <span class='ocrx_word' id='word_1_276' title='bbox 1177 1698 1441 1755; x_wconf 79' lang='lat' dir='ltr'>hujuscemodi</span> <span class='ocrx_word' id='word_1_277' title='bbox 1463 1697 1578 1740; x_wconf 79' lang='lat' dir='ltr'>verba</span> 
     </span>
     <span class='ocr_line' id='line_1_29' title="bbox 89 1764 330 1798; baseline -0.008 0"><span class='ocrx_word' id='word_1_278' title='bbox 89 1764 227 1798; x_wconf 83' lang='lat' dir='ltr'>ocutus</span> <span class='ocrx_word' id='word_1_279' title='bbox 247 1769 267 1797; x_wconf 88' lang='lat' dir='ltr'>e</span> <span class='ocrx_word' id='word_1_280' title='bbox 321 1769 330 1797; x_wconf 91' lang='lat'>:</span> 
     </span>
    </p>
   </div>
   <div class='ocr_carea' id='block_1_4' title="bbox 582 1871 1075 1901">
    <p class='ocr_par' dir='ltr' id='par_1_4' title="bbox 582 1871 1075 1901">
     <span class='ocr_line' id='line_1_30' title="bbox 582 1871 1075 1901; baseline 0 -1"><span class='ocrx_word' id='word_1_281' title='bbox 582 1871 1075 1901; x_wconf 81' lang='lat' dir='ltr'>INTERPRETATIO.</span> 
     </span>
    </p>
   </div>
   <div class='ocr_carea' id='block_1_5' title="bbox 465 1945 1183 2003">
    <p class='ocr_par' dir='ltr' id='par_1_5' title="bbox 465 1945 1183 2003">
     <span class='ocr_line' id='line_1_31' title="bbox 465 1945 1183 2003; baseline 0.004 -17"><span class='ocrx_word' id='word_1_282' title='bbox 465 1949 479 1966; x_wconf 82' lang='lat'>¹</span> <span class='ocrx_word' id='word_1_283' title='bbox 511 1945 647 1987; x_wconf 84' lang='lat' dir='ltr'>Indicio</span> <span class='ocrx_word' id='word_1_284' title='bbox 667 1962 787 1988; x_wconf 80' lang='lat' dir='ltr'>eorum</span> <span class='ocrx_word' id='word_1_285' title='bbox 800 1957 869 2002; x_wconf 88' lang='lat' dir='ltr'>pro</span> <span class='ocrx_word' id='word_1_286' title='bbox 889 1963 975 1988; x_wconf 80' lang='lat' dir='ltr'>vero</span> <span class='ocrx_word' id='word_1_287' title='bbox 995 1947 1183 2003; x_wconf 78' lang='lat' dir='ltr'>recognito,</span> 
     </span>
    </p>
   </div>
   <div class='ocr_carea' id='block_1_6' title="bbox 722 2085 920 2115">
    <p class='ocr_par' dir='ltr' id='par_1_6' title="bbox 722 2085 920 2115">
     <span class='ocr_line' id='line_1_32' title="bbox 722 2085 920 2115; baseline -0.005 0"><span class='ocrx_word' id='word_1_288' title='bbox 722 2085 920 2115; x_wconf 76' lang='lat' dir='ltr'>NOTAE.</span> 
     </span>
    </p>
   </div>
   <div class='ocr_carea' id='block_1_7' title="bbox 62 2157 1513 2246">
    <p class='ocr_par' dir='ltr' id='par_1_7' title="bbox 62 2157 1513 2246">
     <span class='ocr_line' id='line_1_33' title="bbox 113 2157 1421 2202; baseline 0 -14"><span class='ocrx_word' id='word_1_289' title='bbox 113 2163 130 2181; x_wconf 77' lang='lat'><em>²</em></span> <span class='ocrx_word' id='word_1_290' title='bbox 153 2159 341 2202; x_wconf 59' lang='lat' dir='ltr'>Opportuna]</span> <span class='ocrx_word' id='word_1_291' title='bbox 378 2160 409 2190; x_wconf 88' lang='lat' dir='ltr'>Id</span> <span class='ocrx_word' id='word_1_292' title='bbox 427 2160 477 2197; x_wconf 76' lang='lat' dir='ltr'>est,</span> <span class='ocrx_word' id='word_1_293' title='bbox 500 2158 651 2200; x_wconf 58' lang='lat' dir='ltr'>conjuriffe</span> <span class='ocrx_word' id='word_1_294' title='bbox 665 2159 799 2200; x_wconf 65' lang='lat' dir='ltr'>Caesarem</span> <span class='ocrx_word' id='word_1_295' title='bbox 851 2161 1015 2197; x_wconf 77' lang='lat' dir='ltr'>nequitiam</span> <span class='ocrx_word' id='word_1_296' title='bbox 1034 2159 1163 2191; x_wconf 63' lang='lat' dir='ltr'>maxime</span> <span class='ocrx_word' id='word_1_297' title='bbox 1178 2159 1245 2190; x_wconf 78' lang='lat' dir='ltr'>sunt</span> <span class='ocrx_word' id='word_1_298' title='bbox 1259 2157 1421 2189; x_wconf 79' lang='lat' dir='ltr'>exercitati.</span> 
     </span>
     <span class='ocr_line' id='line_1_34' title="bbox 62 2200 1513 2246; baseline 0.001 -16"><span class='ocrx_word' id='word_1_299' title='bbox 62 2200 157 2242; x_wconf 75' lang='lat' dir='ltr'>facile</span> <span class='ocrx_word' id='word_1_300' title='bbox 170 2211 229 2232; x_wconf 79' lang='lat' dir='ltr'>erat</span> <span class='ocrx_word' id='word_1_301' title='bbox 245 2203 362 2233; x_wconf 67' lang='lat' dir='ltr'>creditu.</span> <span class='ocrx_word' id='word_1_302' title='bbox 401 2204 484 2232; x_wconf 73' lang='lat' dir='ltr'>Gall.</span> <span class='ocrx_word' id='word_1_303' title='bbox 522 2204 566 2233; x_wconf 84' lang='lat' dir='ltr'>La</span> <span class='ocrx_word' id='word_1_304' title='bbox 577 2203 649 2244; x_wconf 62' lang='lat' dir='ltr'>chase</span> <span class='ocrx_word' id='word_1_305' title='bbox 660 2205 799 2246; x_wconf 65' lang='lat' dir='ltr'>parossbit</span> <span class='ocrx_word' id='word_1_306' title='bbox 894 2209 911 2234; x_wconf 73' lang='lat' dir='ltr'>g</span> <span class='ocrx_word' id='word_1_307' title='bbox 929 2203 1104 2244; x_wconf 64' lang='lat' dir='ltr'>Familiam]</span> <span class='ocrx_word' id='word_1_308' title='bbox 1130 2204 1163 2233; x_wconf 84' lang='lat' dir='ltr'>Id</span> <span class='ocrx_word' id='word_1_309' title='bbox 1177 2203 1228 2239; x_wconf 88' lang='lat' dir='ltr'>est,</span> <span class='ocrx_word' id='word_1_310' title='bbox 1245 2201 1513 2242; x_wconf 74' lang='lat' dir='ltr'>omnessuosftrvos.</span> 
     </span>
    </p>
   </div>
   <div class='ocr_carea' id='block_1_8' title="bbox 70 2243 1581 2582">
    <p class='ocr_par' dir='ltr' id='par_1_8' title="bbox 70 2243 1580 2330">
     <span class='ocr_line' id='line_1_35' title="bbox 70 2243 1579 2287; baseline 0 -14"><span class='ocrx_word' id='word_1_311' title='bbox 70 2243 208 2285; x_wconf 77' lang='lat' dir='ltr'>plausible</span> <span class='ocrx_word' id='word_1_312' title='bbox 221 2256 229 2282; x_wconf 83' lang='lat'>3</span> <span class='ocrx_word' id='word_1_313' title='bbox 254 2246 491 2286; x_wconf 65' lang='lat' dir='ltr'>‘urai-semblable.</span> <span class='ocrx_word' id='word_1_314' title='bbox 895 2245 911 2268; x_wconf 81' lang='lat' dir='ltr'>h</span> <span class='ocrx_word' id='word_1_315' title='bbox 936 2244 1088 2287; x_wconf 55' lang='lat' dir='ltr'>Pedibus]</span> <span class='ocrx_word' id='word_1_316' title='bbox 1129 2247 1309 2286; x_wconf 83' lang='lat' dir='ltr'>Qandoque</span> <span class='ocrx_word' id='word_1_317' title='bbox 1332 2245 1386 2274; x_wconf 87' lang='lat' dir='ltr'>hoc</span> <span class='ocrx_word' id='word_1_318' title='bbox 1404 2246 1490 2274; x_wconf 88' lang='lat' dir='ltr'>modo</span> <span class='ocrx_word' id='word_1_319' title='bbox 1515 2244 1579 2274; x_wconf 81' lang='lat' dir='ltr'>sen-</span> 
     </span>
     <span class='ocr_line' id='line_1_36' title="bbox 117 2284 1580 2330; baseline 0 -14"><span class='ocrx_word' id='word_1_320' title='bbox 117 2284 142 2325; x_wconf 38' lang='lat' dir='ltr'>b,</span> <span class='ocrx_word' id='word_1_321' title='bbox 155 2287 330 2329; x_wconf 66' lang='lat' dir='ltr'>Privatim]</span> <span class='ocrx_word' id='word_1_322' title='bbox 363 2290 425 2318; x_wconf 84' lang='lat' dir='ltr'>Par</span> <span class='ocrx_word' id='word_1_323' title='bbox 443 2299 493 2317; x_wconf 75' lang='lat' dir='ltr'>une</span> <span class='ocrx_word' id='word_1_324' title='bbox 508 2286 617 2329; x_wconf 74' lang='lat' dir='ltr'>de&#39;pense</span> <span class='ocrx_word' id='word_1_325' title='bbox 632 2288 800 2330; x_wconf 66' lang='lat' dir='ltr'>magnifique</span> <span class='ocrx_word' id='word_1_326' title='bbox 851 2289 972 2319; x_wconf 74' lang='lat' dir='ltr'>tentiam</span> <span class='ocrx_word' id='word_1_327' title='bbox 996 2290 1077 2318; x_wconf 82' lang='lat' dir='ltr'>suam</span> <span class='ocrx_word' id='word_1_328' title='bbox 1100 2289 1265 2328; x_wconf 81' lang='lat' dir='ltr'>aperiebant</span> <span class='ocrx_word' id='word_1_329' title='bbox 1281 2299 1289 2316; x_wconf 78' lang='lat' dir='ltr'>z</span> <span class='ocrx_word' id='word_1_330' title='bbox 1314 2287 1393 2316; x_wconf 76' lang='lat' dir='ltr'>Cum</span> <span class='ocrx_word' id='word_1_331' title='bbox 1409 2298 1444 2316; x_wconf 80' lang='lat' dir='ltr'>ex</span> <span class='ocrx_word' id='word_1_332' title='bbox 1459 2288 1580 2316; x_wconf 77' lang='lat' dir='ltr'>Senato-</span> 
     </span>
    </p>

    <p class='ocr_par' dir='ltr' id='par_1_9' title="bbox 73 2327 1579 2415">
     <span class='ocr_line' id='line_1_37' title="bbox 73 2327 1579 2371; baseline -0.002 -13"><span class='ocrx_word' id='word_1_333' title='bbox 73 2327 180 2370; x_wconf 71' lang='lat' dir='ltr'>dansse</span> <span class='ocrx_word' id='word_1_334' title='bbox 190 2331 299 2371; x_wconf 71' lang='lat' dir='ltr'>maison.</span> <span class='ocrx_word' id='word_1_335' title='bbox 852 2332 932 2361; x_wconf 85' lang='lat' dir='ltr'>ribus</span> <span class='ocrx_word' id='word_1_336' title='bbox 946 2332 1047 2370; x_wconf 88' lang='lat' dir='ltr'>aliquis</span> <span class='ocrx_word' id='word_1_337' title='bbox 1063 2332 1139 2361; x_wconf 79' lang='lat' dir='ltr'>suam</span> <span class='ocrx_word' id='word_1_338' title='bbox 1154 2330 1279 2366; x_wconf 70' lang='lat' dir='ltr'>dixiss&#39;et,</span> <span class='ocrx_word' id='word_1_339' title='bbox 1303 2330 1406 2368; x_wconf 83' lang='lat' dir='ltr'>quibus</span> <span class='ocrx_word' id='word_1_340' title='bbox 1421 2340 1453 2359; x_wconf 80' lang='lat' dir='ltr'>ea</span> <span class='ocrx_word' id='word_1_341' title='bbox 1476 2331 1579 2368; x_wconf 77' lang='lat' dir='ltr'>proba-</span> 
     </span>
     <span class='ocr_line' id='line_1_38' title="bbox 117 2372 1579 2415; baseline -0.003 -11"><span class='ocrx_word' id='word_1_342' title='bbox 117 2377 130 2393; x_wconf 74' lang='lat'>‘³</span> <span class='ocrx_word' id='word_1_343' title='bbox 155 2372 354 2415; x_wconf 53' lang='lat' dir='ltr'>Singillatim]</span> <span class='ocrx_word' id='word_1_344' title='bbox 387 2374 441 2404; x_wconf 85' lang='lat' dir='ltr'>Les</span> <span class='ocrx_word' id='word_1_345' title='bbox 454 2385 503 2404; x_wconf 78' lang='lat' dir='ltr'>uns</span> <span class='ocrx_word' id='word_1_346' title='bbox 517 2373 584 2403; x_wconf 79' lang='lat' dir='ltr'>d&#39;un</span> <span class='ocrx_word' id='word_1_347' title='bbox 597 2373 669 2411; x_wconf 70' lang='lat' dir='ltr'>c6te‘,</span> <span class='ocrx_word' id='word_1_348' title='bbox 691 2373 729 2404; x_wconf 78' lang='lat' dir='ltr'>les</span> <span class='ocrx_word' id='word_1_349' title='bbox 744 2386 798 2405; x_wconf 82' lang='lat' dir='ltr'>au·</span> <span class='ocrx_word' id='word_1_350' title='bbox 852 2375 946 2409; x_wconf 79' lang='lat' dir='ltr'>batur,</span> <span class='ocrx_word' id='word_1_351' title='bbox 969 2374 1010 2403; x_wconf 83' lang='lat' dir='ltr'>illi</span> <span class='ocrx_word' id='word_1_352' title='bbox 1029 2375 1058 2403; x_wconf 87' lang='lat' dir='ltr'>in</span> <span class='ocrx_word' id='word_1_353' title='bbox 1076 2376 1202 2404; x_wconf 80' lang='lat' dir='ltr'>eundem</span> <span class='ocrx_word' id='word_1_354' title='bbox 1217 2374 1314 2402; x_wconf 88' lang='lat' dir='ltr'>locum</span> <span class='ocrx_word' id='word_1_355' title='bbox 1327 2382 1395 2401; x_wconf 89' lang='lat' dir='ltr'>cum</span> <span class='ocrx_word' id='word_1_356' title='bbox 1413 2373 1470 2411; x_wconf 83' lang='lat' dir='ltr'>ipso</span> <span class='ocrx_word' id='word_1_357' title='bbox 1485 2373 1579 2402; x_wconf 82' lang='lat' dir='ltr'>disce-</span> 
     </span>
    </p>

    <p class='ocr_par' dir='ltr' id='par_1_10' title="bbox 73 2412 1580 2501">
     <span class='ocr_line' id='line_1_39' title="bbox 73 2412 1580 2455; baseline 0.001 -12"><span class='ocrx_word' id='word_1_358' title='bbox 73 2422 128 2443; x_wconf 77' lang='lat' dir='ltr'>tres</span> <span class='ocrx_word' id='word_1_359' title='bbox 143 2415 210 2444; x_wconf 80' lang='lat' dir='ltr'>d&#39;un</span> <span class='ocrx_word' id='word_1_360' title='bbox 225 2425 317 2445; x_wconf 79' lang='lat' dir='ltr'>autre.</span> <span class='ocrx_word' id='word_1_361' title='bbox 852 2418 979 2446; x_wconf 76' lang='lat' dir='ltr'>debant:</span> <span class='ocrx_word' id='word_1_362' title='bbox 1005 2424 1090 2455; x_wconf 81' lang='lat' dir='ltr'>atque</span> <span class='ocrx_word' id='word_1_363' title='bbox 1112 2426 1144 2446; x_wconf 84' lang='lat' dir='ltr'>ea</span> <span class='ocrx_word' id='word_1_364' title='bbox 1166 2416 1239 2445; x_wconf 82' lang='lat' dir='ltr'>ratio</span> <span class='ocrx_word' id='word_1_365' title='bbox 1261 2416 1425 2452; x_wconf 64' lang='lat' dir='ltr'>vocabatur,</span> <span class='ocrx_word' id='word_1_366' title='bbox 1447 2412 1580 2454; x_wconf 81' lang='lat' dir='ltr'>Per&#39;dis-</span> 
     </span>
     <span class='ocr_line' id='line_1_40' title="bbox 116 2456 995 2501; baseline 0.001 -15"><span class='ocrx_word' id='word_1_367' title='bbox 116 2456 131 2478; x_wconf 83' lang='lat'>‘¹</span> <span class='ocrx_word' id='word_1_368' title='bbox 155 2458 343 2500; x_wconf 58' lang='lat' dir='ltr'>mobilitate]</span> <span class='ocrx_word' id='word_1_369' title='bbox 388 2460 523 2500; x_wconf 72' lang='lat' dir='ltr'>Legerire&#39;</span> <span class='ocrx_word' id='word_1_370' title='bbox 547 2459 579 2489; x_wconf 76' lang='lat' dir='ltr'>de</span> <span class='ocrx_word' id='word_1_371' title='bbox 601 2457 696 2497; x_wconf 72' lang='lat' dir='ltr'>jeuncs</span> <span class='ocrx_word' id='word_1_372' title='bbox 719 2471 799 2501; x_wconf 79' lang='lat' dir='ltr'>gens.</span> <span class='ocrx_word' id='word_1_373' title='bbox 851 2459 995 2500; x_wconf 51' lang='lat' dir='ltr'>ctffianem.</span> 
     </span>
    </p>

    <p class='ocr_par' dir='ltr' id='par_1_11' title="bbox 72 2498 1580 2542">
     <span class='ocr_line' id='line_1_41' title="bbox 72 2498 1580 2542; baseline 0 -15"><span class='ocrx_word' id='word_1_374' title='bbox 72 2498 138 2528; x_wconf 84' lang='lat' dir='ltr'>Hos</span> <span class='ocrx_word' id='word_1_375' title='bbox 154 2501 261 2531; x_wconf 78' lang='lat' dir='ltr'>alicubi</span> <span class='ocrx_word' id='word_1_376' title='bbox 277 2502 380 2531; x_wconf 81' lang='lat' dir='ltr'>Cicero</span> <span class='ocrx_word' id='word_1_377' title='bbox 399 2503 561 2541; x_wconf 73' lang='lat' dir='ltr'>infigniter,</span> <span class='ocrx_word' id='word_1_378' title='bbox 586 2504 613 2530; x_wconf 73' lang='grc' dir='ltr'>δε</span> <span class='ocrx_word' id='word_1_379' title='bbox 634 2513 717 2542; x_wconf 81' lang='lat' dir='ltr'>prope</span> <span class='ocrx_word' id='word_1_380' title='bbox 733 2510 799 2532; x_wconf 82' lang='lat' dir='ltr'>tan·</span> <span class='ocrx_word' id='word_1_381' title='bbox 893 2500 903 2525; x_wconf 72' lang='lat' dir='ltr'>i</span> <span class='ocrx_word' id='word_1_382' title='bbox 919 2501 1092 2542; x_wconf 63' lang='lat' dir='ltr'>Praestdin]</span> <span class='ocrx_word' id='word_1_383' title='bbox 1123 2500 1285 2530; x_wconf 81' lang='lat' dir='ltr'>Custodum</span> <span class='ocrx_word' id='word_1_384' title='bbox 1303 2509 1423 2529; x_wconf 81' lang='lat' dir='ltr'>numero</span> <span class='ocrx_word' id='word_1_385' title='bbox 1439 2498 1513 2528; x_wconf 85' lang='lat' dir='ltr'>circa</span> <span class='ocrx_word' id='word_1_386' title='bbox 1528 2509 1580 2527; x_wconf 84' lang='lat' dir='ltr'>eo-</span> 
     </span>
    </p>

    <p class='ocr_par' dir='ltr' id='par_1_12' title="bbox 71 2542 1581 2582">
     <span class='ocr_line' id='line_1_42' title="bbox 71 2542 1581 2582; baseline 0.001 -11"><span class='ocrx_word' id='word_1_387' title='bbox 71 2551 160 2580; x_wconf 77' lang='lat' dir='ltr'>quarn</span> <span class='ocrx_word' id='word_1_388' title='bbox 172 2543 307 2573; x_wconf 75' lang='lat' dir='ltr'>Catilinae</span> <span class='ocrx_word' id='word_1_389' title='bbox 318 2544 406 2574; x_wconf 88' lang='lat' dir='ltr'>socios</span> <span class='ocrx_word' id='word_1_390' title='bbox 423 2553 515 2575; x_wconf 79' lang='lat' dir='ltr'>notar.</span> <span class='ocrx_word' id='word_1_391' title='bbox 850 2555 916 2574; x_wconf 87' lang='lat' dir='ltr'>rum</span> <span class='ocrx_word' id='word_1_392' title='bbox 928 2545 1029 2574; x_wconf 86' lang='lat' dir='ltr'>domos</span> <span class='ocrx_word' id='word_1_393' title='bbox 1045 2545 1180 2578; x_wconf 60' lang='lat' dir='ltr'>adauc’w,</span> <span class='ocrx_word' id='word_1_394' title='bbox 1192 2542 1297 2582; x_wconf 76' lang='lat' dir='ltr'>quibus</span> <span class='ocrx_word' id='word_1_395' title='bbox 1312 2543 1452 2571; x_wconf 82' lang='lat' dir='ltr'>Lentulus</span> <span class='ocrx_word' id='word_1_396' title='bbox 1468 2545 1495 2571; x_wconf 71' lang='grc' dir='ltr'>ἃς</span> <span class='ocrx_word' id='word_1_397' title='bbox 1511 2542 1581 2573; x_wconf 78' lang='lat' dir='ltr'>rell·</span> 
     </span>
    </p>
   </div>
   <div class='ocr_carea' id='block_1_9' title="bbox 71 2585 1582 2841">
    <p class='ocr_par' dir='ltr' id='par_1_13' title="bbox 71 2585 1582 2841">
     <span class='ocr_line' id='line_1_43' title="bbox 115 2585 1579 2627; baseline 0 -14"><span class='ocrx_word' id='word_1_398' title='bbox 115 2589 130 2605; x_wconf 62' lang='grc' dir='ltr'>Ε</span> <span class='ocrx_word' id='word_1_399' title='bbox 157 2585 328 2627; x_wconf 63' lang='lat' dir='ltr'>Itineribus]</span> <span class='ocrx_word' id='word_1_400' title='bbox 362 2587 392 2615; x_wconf 86' lang='lat' dir='ltr'>Id</span> <span class='ocrx_word' id='word_1_401' title='bbox 407 2589 459 2625; x_wconf 85' lang='lat' dir='ltr'>est,</span> <span class='ocrx_word' id='word_1_402' title='bbox 483 2587 531 2617; x_wconf 71' lang='lat' dir='ltr'>hic</span> <span class='ocrx_word' id='word_1_403' title='bbox 552 2586 589 2618; x_wconf 58' lang='grc' dir='ltr'>ἴθ’</span> <span class='ocrx_word' id='word_1_404' title='bbox 607 2585 666 2617; x_wconf 61' lang='lat' dir='ltr'>illst</span> <span class='ocrx_word' id='word_1_405' title='bbox 679 2586 799 2618; x_wconf 75' lang='lat' dir='ltr'>omnibus</span> <span class='ocrx_word' id='word_1_406' title='bbox 850 2587 899 2625; x_wconf 87' lang='lat' dir='ltr'>qui</span> <span class='ocrx_word' id='word_1_407' title='bbox 925 2587 1068 2617; x_wconf 76' lang='lat' dir='ltr'>commisti</span> <span class='ocrx_word' id='word_1_408' title='bbox 1094 2587 1233 2616; x_wconf 70' lang='lat' dir='ltr'>fuerantz</span> <span class='ocrx_word' id='word_1_409' title='bbox 1259 2585 1390 2624; x_wconf 85' lang='lat' dir='ltr'>Itemque</span> <span class='ocrx_word' id='word_1_410' title='bbox 1415 2586 1481 2615; x_wconf 85' lang='lat' dir='ltr'>urbe</span> <span class='ocrx_word' id='word_1_411' title='bbox 1502 2585 1579 2623; x_wconf 79' lang='lat' dir='ltr'>vigi-</span> 
     </span>
     <span class='ocr_line' id='line_1_44' title="bbox 72 2625 1126 2672; baseline 0.003 -17"><span class='ocrx_word' id='word_1_412' title='bbox 72 2625 155 2661; x_wconf 70' lang='lat' dir='ltr'>nmdis</span> <span class='ocrx_word' id='word_1_413' title='bbox 168 2629 336 2658; x_wconf 59' lang='lat' dir='ltr'>conabantur</span> <span class='ocrx_word' id='word_1_414' title='bbox 352 2629 459 2671; x_wconf 64' lang='lat' dir='ltr'>Juqsvix</span> <span class='ocrx_word' id='word_1_415' title='bbox 475 2631 514 2660; x_wconf 84' lang='lat' dir='ltr'>ad</span> <span class='ocrx_word' id='word_1_416' title='bbox 521 2639 670 2672; x_wconf 80' lang='lat' dir='ltr'>patronum</span> <span class='ocrx_word' id='word_1_417' title='bbox 682 2632 798 2671; x_wconf 79' lang='lat' dir='ltr'>cripien-</span> <span class='ocrx_word' id='word_1_418' title='bbox 850 2628 894 2658; x_wconf 85' lang='lat' dir='ltr'>liis</span> <span class='ocrx_word' id='word_1_419' title='bbox 911 2630 983 2659; x_wconf 83' lang='lat' dir='ltr'>bene</span> <span class='ocrx_word' id='word_1_420' title='bbox 998 2628 1126 2658; x_wconf 60' lang='lat' dir='ltr'>firmati.</span> 
     </span>
     <span class='ocr_line' id='line_1_45' title="bbox 74 2668 1579 2714; baseline 0.001 -17"><span class='ocrx_word' id='word_1_421' title='bbox 74 2668 140 2697; x_wconf 83' lang='lat' dir='ltr'>dum</span> <span class='ocrx_word' id='word_1_422' title='bbox 157 2670 285 2700; x_wconf 76' lang='lat' dir='ltr'>incitare.</span> <span class='ocrx_word' id='word_1_423' title='bbox 893 2670 910 2694; x_wconf 83' lang='lat' dir='ltr'>k</span> <span class='ocrx_word' id='word_1_424' title='bbox 926 2670 1143 2714; x_wconf 56' lang='lat' dir='ltr'>Hssjufiemcdi]</span> <span class='ocrx_word' id='word_1_425' title='bbox 1179 2670 1281 2709; x_wconf 87' lang='lat' dir='ltr'>Neque</span> <span class='ocrx_word' id='word_1_426' title='bbox 1296 2670 1376 2699; x_wconf 87' lang='lat' dir='ltr'>enirn</span> <span class='ocrx_word' id='word_1_427' title='bbox 1393 2669 1495 2705; x_wconf 80' lang='lat' dir='ltr'>iisdem</span> <span class='ocrx_word' id='word_1_428' title='bbox 1511 2678 1579 2698; x_wconf 78' lang='lat' dir='ltr'>om-</span> 
     </span>
     <span class='ocr_line' id='line_1_46' title="bbox 116 2711 1582 2754; baseline 0.001 -13"><span class='ocrx_word' id='word_1_429' title='bbox 116 2711 132 2740; x_wconf 71' lang='lat' dir='ltr'>s</span> <span class='ocrx_word' id='word_1_430' title='bbox 148 2713 236 2742; x_wconf 77' lang='lat' dir='ltr'>Duces</span> <span class='ocrx_word' id='word_1_431' title='bbox 248 2712 479 2754; x_wconf 63' lang='lat' dir='ltr'>multimdinum]</span> <span class='ocrx_word' id='word_1_432' title='bbox 516 2715 561 2744; x_wconf 88' lang='lat' dir='ltr'>Illi</span> <span class='ocrx_word' id='word_1_433' title='bbox 579 2715 643 2744; x_wconf 87' lang='lat' dir='ltr'>sunt</span> <span class='ocrx_word' id='word_1_434' title='bbox 660 2715 706 2754; x_wconf 87' lang='lat' dir='ltr'>qui</span> <span class='ocrx_word' id='word_1_435' title='bbox 721 2714 797 2744; x_wconf 84' lang='lat' dir='ltr'>otio·</span> <span class='ocrx_word' id='word_1_436' title='bbox 850 2713 924 2744; x_wconf 85' lang='lat' dir='ltr'>nino</span> <span class='ocrx_word' id='word_1_437' title='bbox 948 2714 1042 2743; x_wconf 71' lang='lat' dir='ltr'>verbis</span> <span class='ocrx_word' id='word_1_438' title='bbox 1066 2715 1163 2743; x_wconf 80' lang='lat' dir='ltr'>Caesar</span> <span class='ocrx_word' id='word_1_439' title='bbox 1189 2718 1254 2742; x_wconf 64' lang='lat' dir='ltr'>ulus</span> <span class='ocrx_word' id='word_1_440' title='bbox 1277 2713 1345 2754; x_wconf 77' lang='lat' dir='ltr'>est5</span> <span class='ocrx_word' id='word_1_441' title='bbox 1376 2712 1420 2743; x_wconf 78' lang='lat' dir='ltr'>sed</span> <span class='ocrx_word' id='word_1_442' title='bbox 1445 2713 1475 2743; x_wconf 90' lang='lat' dir='ltr'>in</span> <span class='ocrx_word' id='word_1_443' title='bbox 1498 2711 1582 2743; x_wconf 74' lang='lat' dir='ltr'>hune</span> 
     </span>
     <span class='ocr_line' id='line_1_47' title="bbox 73 2754 1270 2796; baseline 0.002 -11"><span class='ocrx_word' id='word_1_444' title='bbox 73 2754 110 2785; x_wconf 80' lang='lat' dir='ltr'>fis</span> <span class='ocrx_word' id='word_1_445' title='bbox 124 2755 330 2792; x_wconf 84' lang='lat' dir='ltr'>nebulonibus,</span> <span class='ocrx_word' id='word_1_446' title='bbox 345 2758 439 2796; x_wconf 84' lang='lat' dir='ltr'>quales</span> <span class='ocrx_word' id='word_1_447' title='bbox 456 2757 571 2794; x_wconf 84' lang='lat' dir='ltr'>plurimi</span> <span class='ocrx_word' id='word_1_448' title='bbox 589 2758 652 2787; x_wconf 69' lang='lat' dir='ltr'>sunt</span> <span class='ocrx_word' id='word_1_449' title='bbox 670 2759 700 2786; x_wconf 87' lang='lat' dir='ltr'>in</span> <span class='ocrx_word' id='word_1_450' title='bbox 713 2768 798 2795; x_wconf 72' lang='lat' dir='ltr'>mag-</span> <span class='ocrx_word' id='word_1_451' title='bbox 851 2757 962 2787; x_wconf 87' lang='lat' dir='ltr'>sensum</span> <span class='ocrx_word' id='word_1_452' title='bbox 978 2758 1136 2787; x_wconf 72' lang='lat' dir='ltr'>orationem</span> <span class='ocrx_word' id='word_1_453' title='bbox 1152 2756 1270 2787; x_wconf 77' lang='lat' dir='ltr'>habuit·</span> 
     </span>
     <span class='ocr_line' id='line_1_48' title="bbox 71 2797 800 2841; baseline 0.004 -13"><span class='ocrx_word' id='word_1_454' title='bbox 71 2797 119 2829; x_wconf 79' lang='lat' dir='ltr'>nis</span> <span class='ocrx_word' id='word_1_455' title='bbox 138 2797 269 2837; x_wconf 77' lang='lat' dir='ltr'>urbibus,</span> <span class='ocrx_word' id='word_1_456' title='bbox 292 2797 449 2839; x_wconf 72' lang='lat' dir='ltr'>imperant,</span> <span class='ocrx_word' id='word_1_457' title='bbox 471 2799 538 2839; x_wconf 79' lang='lat' dir='ltr'>quia</span> <span class='ocrx_word' id='word_1_458' title='bbox 554 2799 604 2841; x_wconf 74' lang='lat' dir='ltr'>ipsi</span> <span class='ocrx_word' id='word_1_459' title='bbox 628 2802 662 2829; x_wconf 80' lang='lat' dir='ltr'>ad</span> <span class='ocrx_word' id='word_1_460' title='bbox 679 2810 800 2831; x_wconf 76' lang='lat' dir='ltr'>omnem</span> 
     </span>
    </p>
   </div>
   <div class='ocr_carea' id='block_1_10' title="bbox 863 2837 1585 2898">
    <p class='ocr_par' dir='ltr' id='par_1_14' title="bbox 863 2837 1585 2898">
     <span class='ocr_line' id='line_1_49' title="bbox 863 2837 1585 2898; baseline -0.003 -16"><span class='ocrx_word' id='word_1_461' title='bbox 863 2841 900 2882; x_wconf 83' lang='lat' dir='ltr'>C</span> <span class='ocrx_word' id='word_1_462' title='bbox 930 2855 960 2898; x_wconf 83' lang='lat'>4</span> <span class='ocrx_word' id='word_1_463' title='bbox 1456 2837 1585 2882; x_wconf 75' lang='lat' dir='ltr'>Omnis</span> 
     </span>
    </p>
   </div>
  </div>
 </body>
</html>
