1670 3061
335 135 707 176 GERARDUS
747 136 1112 187 JOHANNES
1151 139 1447 182 VOSSIUS.

125 220 258 271 liginis
271 219 391 263 succo,
407 221 576 270 pleraque
588 218 636 256 ad
651 219 840 256 Ciceronis
852 219 1000 257 laudem
1015 222 1256 270 pertinentia,
1272 237 1351 272 quae
1366 225 1462 276 apud
1477 224 1568 264 alios
1584 226 1639 264 le·

127 285 216 321 gere
237 273 292 313 fit.
315 272 537 321 praeterierit.
569 270 705 306 Verum
721 283 765 307 ea
781 270 905 319 potius
926 272 1123 321 neglexisse
1136 287 1204 324 ego
1218 275 1391 320 arbitror,
1408 278 1464 314 vel
1480 288 1518 315 ut
1532 278 1635 321 falsa,

127 325 187 360 vel
209 335 247 361 ut
265 325 402 362 incerta
415 322 537 374 plane,
558 323 615 359 vel
638 332 675 357 ut
690 321 824 371 exigua
838 335 880 359 ac
899 322 1054 360 minuta.
1081 326 1191 376 Qod
1202 327 1247 363 ad
1262 328 1460 366 dic'tionem
1474 330 1636 368 Sallustii

126 376 277 419 attinet,
296 388 421 412 omnes
442 372 778 422 antiquijudicant,
800 374 946 411 brevem
965 389 1006 412 ac
1025 377 1208 426 nervosam
1227 379 1310 422 effe,
1335 385 1365 416 &
1382 380 1637 431 Thucydideae

126 429 312 464 aemulam.
356 426 448 462 Sane
469 425 622 473 scriptor
642 425 689 459 est
709 425 817 475 plane
839 427 1003 469 Atticus,
1021 430 1090 476 qua
1111 429 1219 465 laude
1233 431 1473 469 Demostheni
1488 433 1637 482 propior

123 481 189 523 est,
205 479 314 529 quam
332 477 545 525 Ciceroipse
564 493 575 521 ;
606 487 644 513 ut
665 477 757 514 bene
776 478 894 515 censet
914 480 1110 517 Turnebus
1130 480 1168 518 in
1191 482 1414 521 Adversariis
1435 484 1516 521 suis.
1563 485 1635 523 Sed

123 542 165 568 ut
184 531 441 579 Thucydidem
461 541 531 566 non
551 542 678 566 omnes
696 530 908 577 probarunt,
924 532 978 568 ita
991 545 1059 568 nec
1075 532 1234 569 Saliustii
1250 533 1347 570 dieto
1359 536 1532 574 omnibus
1548 550 1635 585 pro·-

124 583 291 619 bai-,atum
338 582 437 618 Nam
466 580 611 619 Afinius
636 581 755 618 Poilic·
773 582 974 620 damnabat
999 597 1096 628 eam,
1126 595 1297 633 tanquam
1321 587 1520 633 obscuram,
1543 594 1573 625 &
1595 588 1641 627 in*

124 634 296 671 transsati:
315 633 423 670 nibus
441 633 642 671 audacem:
663 643 703 671 ut
715 635 1095 685 Tranquillusauclor
1110 637 1174 679 est,
1186 636 1252 673 lib.
1267 637 1313 674 de
1324 639 1430 675 claris
1443 653 1633 689 gramma-

121 686 206 723 ticfs
227 686 261 720 {n
279 684 463 733 imilnloffi
479 686 570 722 viti.
600 686 785 734 Imprimis
799 687 883 724 vero
897 688 1113 736 reprehendi
1126 689 1229 732 solet,
1249 690 1344 739 quod
1362 692 1512 740 antiqua
1522 693 1634 730 verba

119 751 167 774 ex
186 737 340 774 Catonis
370 737 586 786 &signibus
614 747 855 788 excerperet:
884 739 985 786 cujus
1013 739 1068 777 rei
1096 740 1299 778 meminere
1328 746 1507 792 Augustus
1535 744 1633 793 apud

120 790 381 838 Tranquillum
403 790 443 825 in
471 789 583 837 ejusce
609 790 758 826 Caesaris
779 789 870 834 vita,
889 791 1061 841 idemque
1081 792 1338 842 Tranquillus,
1366 795 1434 832 lib.
1458 795 1504 831 de
1523 796 1633 833 claris

118 839 370 892 grammaticis
388 840 424 876 in
441 840 516 877 vitii
535 842 672 884 Lemni,
697 846 728 878 δε
745 841 878 878 Fabius
899 855 942 878 ex
961 844 1114 893 antiquo
1132 844 1414 894 epigrammate,
1434 845 1501 884 lib.
1520 848 1630 887 VIII.

119 906 199 941 cap.
220 893 277 930 iii.
333 893 400 928 Sed
420 893 495 929 haec
515 892 694 944 impedire
715 906 785 929 non
806 894 971 941 potuere,
990 898 1063 946 quo
1082 897 1201 933 minus
1222 896 1244 933 a
1261 899 1396 935 Tacito
1417 902 1471 948 (at
1489 909 1632 949 quanto

118 943 224 982 viro!
255 959 360 982 rtrum
388 946 603 982 Romanorum
612 946 852 992 florentaejffimus
878 953 1002 989 audior,
1031 947 1096 984 lib.
1124 949 1194 985 ΙΙΙ.
1250 950 1495 987 Historiarum
1525 951 1628 988 dice-

116 1008 230 1034 retur.
286 996 369 1033 Iino
383 997 485 1045 juxta
504 997 712 1034 Martialem
735 998 802 1033 lib.
828 999 929 1036 MV.
977 999 1113 1048 Crispus
1132 1002 1284 1038 Romami
1294 1006 1421 1050 primus
1439 1008 1474 1038 in
1491 1004 1629 1051 historici

114 1051 176 1086 est.
210 1047 413 1097 Augustino
430 1061 572 1098 quoque
598 1049 665 1085 lib.
696 1049 740 1086 de
762 1049 840 1087 vita
863 1049 983 1094 beata,
1005 1064 1155 1089 vocatur
1172 1053 1364 1101 eleffgffimus
1378 1056 1522 1103 peefiztor
1544 1062 1630 1093 »izer-

116 1102 239 1137 borum.
269 1101 350 1136 Iino
363 1102 482 1138 Graeci
501 1101 566 1150 ipsi
587 1101 665 1149 ejus
685 1101 847 1138 historias
868 1103 961 1139 tanti
979 1103 1112 1146 fecere,
1129 1115 1167 1141 ut
1181 1118 1240 1141 eas
1254 1107 1403 1143 verterit
1417 1106 1625 1151 zenobius,

113 1153 268 1201 sophista
287 1152 333 1193 is,
353 1153 415 1202 qui
435 1154 562 1189 Romae
580 1153 703 1190 docuit
719 1152 781 1189 sub
801 1154 968 1192 Adriano
983 1156 1121 1194 eaesare
1138 1172 1149 1201 3
1178 1157 1312 1207 quique
1337 1158 1523 1207 epitomen
1540 1171 1629 1208 pro-

115 1204 323 1241 verbi-orum
339 1204 511 1253 Didymi,
530 1208 562 1240 δε
578 1205 747 1242 Tarrhaei
760 1205 921 1254 scripsit:
944 1216 983 1243 ut
996 1208 1088 1245 testis
1102 1209 1151 1246 est
1164 1209 1295 1246 Suidas
1307 1208 1344 1246 in
1361 1214 1524 1253 Ζηνόβὲος.
1555 1212 1627 1248 At-

113 1269 183 1307 que
202 1255 287 1292 inde
306 1257 365 1298 est,
385 1256 481 1305 quod
503 1256 658 1293 Sallustii
678 1270 820 1306 quoque
838 1258 1008 1295 meminit
1027 1261 1229 1309 Stephanus
1247 1261 1285 1297 in
1298 1263 1436 1311 Ἄζιλις.
1466 1261 1626 1300 Utinam

111 1310 201 1345 vero
226 1317 363 1344 extaret
392 1309 504 1356 Asper
533 1308 824 1352 Grammaticus,
856 1311 1014 1347 Sallustii
1042 1311 1238 1360 interpre8‚
1268 1314 1351 1350 teste
1377 1314 1625 1363 Hieronymo.

110 1359 285 1411 Qaedam
306 1372 351 1396 ex
370 1372 412 1395 eo
428 1360 519 1396 citat
532 1360 724 1408 Sofipater.
753 1361 910 1410 Joannes
930 1363 1090 1412 Baptista
1108 1364 1190 1401 Pius
1210 1364 1493 1402 annotationum
1507 1367 1624 1415 poste-

109 1413 244 1448 riorum
259 1424 338 1461 cap.
355 1412 570 1449 LXXXIV.
583 1411 673 1449 citat
686 1414 878 1462 antiquum
889 1415 1088 1458 auctorem,
1101 1415 1164 1465 qui
1174 1415 1286 1453 vitam
1300 1417 1459 1455 Sallustii
1473 1417 1625 1467 scripsit.

107 1464 203 1500 Eum
222 1476 294 1500 non
318 1462 406 1499 vidi.
460 1464 527 1501 Sed
554 1464 641 1501 scito
659 1464 773 1500 vitam
796 1465 956 1503 Sallustii
975 1465 995 1502 ὲ
1016 1468 1200 1504 veteribus
1220 1468 1400 1518 reliquiffe
1423 1470 1622 1508 Asconium

108 1516 313 1552 Pedianum
332 1529 341 1550 z
372 1524 409 1550 ut
426 1516 637 1566 cognoscere
653 1518 700 1554 est
715 1529 758 1552 ex
777 1520 932 1561 Acrone,
953 1520 998 1555 ad
1012 1519 1145 1556 Horat.
1164 1521 1239 1556 Sat.
1261 1533 1294 1556 2.
1315 1520 1383 1557 lib.
1399 1523 1426 1558 Ι.
1445 1520 1475 1556 Ε
1491 1521 1620 1568 junio-

105 1567 206 1604 ribus
233 1567 329 1604 idem
356 1568 478 1603 conati
499 1569 721 1618 Pomponius
742 1569 880 1612 Laetus,
908 1575 941 1606 δι
965 1570 1091 1607 Petrus
1112 1571 1291 1609 Crinitus.
1348 1573 1419 1609 Sed
1448 1572 1503 1609 his
1530 1574 1620 1611 fides

103 1618 289 1662 habenda,
317 1630 493 1669 quatenus
521 1631 680 1657 veterum
699 1620 828 1658 scrinia
844 1622 1104 1671 compilarunt.
1163 1623 1264 1661 Cave
1291 1635 1413 1661 autem
1433 1638 1513 1661 cum
1537 1625 1619 1662 Sal-

104 1671 206 1709 lustio
224 1671 293 1708 hoc
313 1672 512 1709 confundas
533 1673 703 1721 Crispum
721 1673 946 1716 Sallustium,
961 1675 1007 1710 ad
1020 1688 1127 1726 quem
1141 1675 1180 1712 in
1195 1677 1274 1713 odis
1287 1676 1412 1714 scribit
1422 1677 1616 1721 Horatius,

101 1721 265 1761 historici
285 1722 394 1771 hujus
412 1723 537 1761 sororis
555 1724 687 1767 filium,
713 1726 867 1775 Augusti
895 1726 1073 1772 amicum,
1093 1728 1137 1764 de
1155 1741 1229 1777 quo
1250 1731 1401 1771 Seneca,
1428 1729 1496 1765 lib.
1518 1730 1550 1766 Ι.
1571 1729 1617 1766 de

104 1774 325 1817 Clementia,
356 1779 388 1812 δε
407 1777 577 1820 Tacitus,
604 1775 672 1813 lib.
692 1777 741 1814 ΙΙ.
760 1782 793 1814 &
811 1778 882 1814 Ill.
903 1779 1026 1817 annal.
1084 1783 1118 1818 A
1137 1793 1209 1830 quo
1228 1785 1261 1818 δε
1288 1781 1477 1818 metallum
1497 1782 1615 1831 quod-

103 1826 188 1865 dam
208 1826 462 1866 Sallustianum
479 1830 547 1866 effe
566 1827 721 1873 dietum,
742 1829 882 1868 Plinius
903 1832 1025 1870 anaor
1042 1832 1106 1878 est,
1126 1832 1195 1872 lib.
1215 1832 1343 1873 xxxiv.
1363 1846 1446 1884 cap.
1468 1832 1509 1870 ii.

1263 2690 1600 2730 VETERUM
