1701 3051
637 127 1070 171 INDEX.

86 223 283 278 Cyzicus,
319 231 409 273 190.
444 232 481 271 g.

85 278 228 323 Classes
249 277 357 329 quid,
387 288 483 316 221.
515 274 554 314 b.

86 333 306 378 Clementia
325 346 428 381 vera,
460 344 555 383 214.

87 392 265 434 Comitia
284 388 393 442 quid,
424 401 493 430 20.
524 388 563 427 d.

87 447 317 490 Concordia
337 460 393 485 res
415 459 542 497 parvae
563 443 754 492 crescunt,
784 443 851 496 65.
871 440 912 484 ῖς.-
933 439 958 482 Ῑ.
1018 435 1119 499 Ejus
1138 438 1239 484 bona
1261 441 1464 492 firmanda,
1498 451 1592 484 222.

87 505 312 561 Conjurant
339 515 431 542 cum
452 499 625 541 Catilina
644 499 729 553 qui,
767 512 830 552 14.
891 498 1038 540 Nullus
1056 515 1106 540 ex
1124 500 1373 540 multitudine
1393 499 1514 539 castra
1535 513 1596 538 re·

144 560 303 613 linquit,
337 572 402 614 30.
464 557 615 598 Eorum
637 554 855 606 confilium,
889 569 954 610 34.
1015 555 1065 596 ln
1095 556 1268 598 senatum
1287 555 1499 606 ducuntur,
1532 555 1597 611 36.
1645 583 1655 588 -

148 616 333 658 servandi
353 615 569 663 traduntur,
603 626 667 668 37.
728 612 964 663 Puniuntur‚
996 625 1064 667 50.

89 674 309 716 Consilium
331 673 419 713 dare
437 672 518 726 regi
538 669 721 711 difficilez
756 670 856 719 Cur,
887 673 982 713 210.

89 729 341 773 Consuetudo
362 730 401 769 in
421 739 598 769 naturam
619 726 796 776 vertitur,
834 740 924 782 130.

91 788 281 829 Consules
303 786 457 840 regibus
478 785 619 825 Romae
637 783 907 838 subrogantur,
940 797 978 838 7.
1039 782 1122 823 Illis
1139 782 1306 836 potestas
1327 783 1496 824 maxima
1510 785 1601 838 qui-

149 846 222 884 bus
241 844 367 884 verbis
388 842 638 895 permittitur,
670 853 737 897 23.

93 900 368 943 Consultantes
388 899 436 939 de
455 899 570 939 rebus
589 897 731 949 dubiis,
746 903 747 907 ’
760 898 808 940 ab
826 897 933 947 odio,
962 896 1152 947 amicitia,
1173 897 1246 947 ira,
1265 896 1345 938 διε.
1375 910 1519 938 vacuos
1533 895 1606 937 effe

150 959 274 1006 decet,
304 970 372 1010 40.

93 1014 346 1057 Consultores
366 1012 510 1065 peffimi
531 1010 673 1062 cupido
692 1010 730 1052 δε
751 1012 822 1059 ira,
858 1010 951 1052 116.

94 1071 301 1119 Consulto,
332 1069 551 1123 priusquam
583 1068 746 1125 incipias
763 1085 776 1117 3
808 1067 874 1107 ubi
908 1066 1162 1118 consulueris,
1192 1067 1344 1109 mature
1375 1067 1479 1108 saeco
1508 1079 1607 1122 opus

151 1128 221 1176 est,
256 1140 293 1168 2.

97 1186 315 1227 Contentio
335 1183 435 1223 inter
453 1181 604 1234 plebem
625 1179 662 1221 &
684 1180 925 1221 nobilitatem
947 1179 1040 1233 quid
1060 1178 1251 1229 effecerit,
1281 1181 1352 1223 61.

96 1240 354 1284 Continentia
374 1238 482 1291 quid,
515 1251 550 1292 3.
581 1238 620 1277 b.

98 1298 343 1345 Corduenni,
376 1308 479 1348 202.
506 1296 543 1335 h.

97 1358 154 1397 C.
177 1354 386 1396 Cornelius
406 1365 524 1405 eques
546 1350 751 1403 pollicetur
770 1349 1007 1391 Ciceronem
1028 1349 1250 1401 confodere,
1282 1360 1347 1392 22.

98 1412 310 1454 Cornelius
333 1409 482 1458 Scriba,
519 1408 612 1448 161.
644 1408 672 1447 f.
817 1451 820 1454 Δ

96 1471 255 1523 Corpus
275 1469 314 1510 &
333 1469 414 1522 ejus
434 1466 569 1506 omnia
589 1463 694 1505 brevi
712 1463 948 1515 dilabuntur,
977 1464 1045 1520 58.

99 1528 296 1583 Corycus,
333 1537 422 1579 171.
457 1522 496 1562 b.

100 1584 187 1624 Cos
208 1581 342 1631 insula,
373 1593 468 1632 205.
501 1592 537 1618 a.

101 1640 226 1681 Cotta
246 1637 428 1680 Consulis
449 1635 574 1676 oratio
593 1635 639 1675 ad
660 1635 864 1688 populum,
901 1635 992 1690 196.

104 1696 261 1738 Crassus
292 1709 385 1735 cum
409 1692 585 1733 Catilina
610 1692 824 1748 conjurasse
843 1694 1025 1740 creditus,
1059 1703 1124 1746 15.
1185 1690 1306 1745 Qod
1328 1690 1522 1733 Vulturtii
1551 1692 1614 1733 in·

159 1755 264 1793 dicio
284 1750 555 1799 confirmatur,
588 1761 655 1803 37.

101 1811 236 1858 Creta,
271 1810 363 1863 189.
396 1809 434 1847 k.

103 1868 267 1916 Cumae,
298 1879 397 1918 204.
427 1878 460 1904 e.

103 1925 245 1973 Curio,
282 1922 372 1964 181.
1254 1966 1259 1972 ⁶

103 1981 250 2021 Curius
271 1993 365 2019 curn
384 1976 559 2018 Catilina
579 1978 774 2032 conjurat,
797 1989 865 2018 20,
898 1974 972 2025 Per
992 1991 1083 2017 eum
1100 1976 1319 2032 conjuratio
1339 1974 1543 2028 patefaffihi,
1561 1973 1619 2013 Ib.

105 2037 345 2093 Cyrenenses
367 2037 498 2088 magni
525 2046 608 2087 atq3
640 2033 831 2087 opulenti,
866 2045 961 2087 125.
1021 2031 1130 2075 Cum
1153 2030 1533 2089 Carthaginiensibus
1552 2030 1619 2070 diu

162 2094 307 2133 bellurn
329 2090 535 2146 gesserunt,
571 2093 659 2134 126.

107 2152 256 2208 CyruS,
289 2163 329 2192 2.

831 2232 887 2275 D.

197 2337 340 2374 ABAR,
377 2336 466 2378 152.
527 2322 815 2372 Internuncius‚
853 2322 973 2378 153.⁴

221 2381 425 2430 Daedalus,
459 2392 548 2435 173.
578 2394 611 2419 e.

107 2438 384 2492 Damasippus,
413 2447 481 2491 43.
512 2437 550 2477 d.

108 2495 337 2545 Danubius,
374 2507 462 2550 199.
493 2495 535 2534 k.

108 2552 325 2601 Dardania,
358 2565 452 2603 205.
482 2564 518 2591 e.

109 2609 292 2650 Deorum
313 2608 455 2648 auxilia
477 2605 622 2661 quibus
649 2615 845 2657 parentur,
876 2619 943 2662 47.

109 2666 304 2707 Discorda
324 2678 382 2704 res
403 2666 585 2704 maximae
603 2663 844 2712 dilabuntur,
876 2668 944 2716 65.

109 2721 394 2764 Discumbendi
417 2721 556 2761 modus
580 2719 679 2772 apud
702 2719 921 2769 Romanos,
958 2717 1047 2774 187.
1080 2731 1116 2758 e.

110 2779 261 2822 niv-ino
281 2777 441 2820 numine
461 2777 638 2819 omnium
662 2776 885 2819 mortalium
909 2777 984 2818 vita
1006 2774 1190 2823 invifitur,
1225 2786 1318 2829 224.
1341 2819 1344 2822 ,

1508 2825 1628 2868 Divi-
